@phdthesis{SPPF,
  title={Parser generation for interactive environments},
  author={Rekers, Joan Gerard},
  year={1992},
  school={Citeseer}
}
@article{SBP,
  title={Scannerless boolean parsing},
  author={Megacz, Adam},
  journal={Electronic Notes in Theoretical Computer Science},
  volume={164},
  number={2},
  pages={97--102},
  year={2006},
  publisher={Elsevier}
}
@article{ConjGrammars,
  title={Conjunctive grammars},
  author={Okhotin, Alexander},
  journal={Journal of Automata, Languages and Combinatorics},
  volume={6},
  number={4},
  pages={519--535},
  year={2001}
}
@article{GLL,
  title={GLL parsing},
  author={Scott, Elizabeth and Johnstone, Adrian},
  journal={Electronic Notes in Theoretical Computer Science},
  volume={253},
  number={7},
  pages={177--189},
  year={2010},
  publisher={Elsevier}
}
@article{YaccConstructorPaper,
  title={Разработка синтаксических анализаторов в проектах по автоматизированному реинжинирингу информационных систем},
  author={Кириленко, ЯА and Григорьев, СВ and Авдюхин, ДА},
  journal={Научно-технические ведомости СПбГПУ: информатика, телекоммуникации, управление},
  number={174},
  pages={94--98},
  year={2013}
}
@online{YaccConstructorPage,
  author       = "YaccConstructor",
  title        = "YaccConstructor",
  howpublished = "YaccConstructor official page ",
  url          = {http://yaccconstructor.github.io},
  urldate      = "24.05.2016",
  language     = "english"
}
@online{YARD,
  author       = "YaccConstructor",
  title        = "YARD",
  howpublished = "YaccConstructor official page ",
  year         = 2015,
  url          = {http://yaccconstructor.github.io/YaccConstructor/yard.html},
  urldate      = "24.05.2016",
  language     = "english"
}
@article{REAGO,
  title={Reconstructing 16S rRNA genes in metagenomic data},
  author={Yuan, Cheng and Lei, Jikai and Cole, James and Sun, Yanni},
  journal={Bioinformatics},
  volume={31},
  number={12},
  pages={i35--i43},
  year={2015},
  publisher={Oxford Univ Press}
}
@article{Xander,
  title={Xander: employing a novel method for efficient gene-targeted metagenomic assembly},
  author={Wang, Qiong and Fish, Jordan A and Gilman, Mariah and Sun, Yanni and Brown, C Titus and Tiedje, James M and Cole, James R},
  journal={Microbiome},
  volume={3},
  number={1},
  pages={1},
  year={2015},
  publisher={BioMed Central}
}
@article{Infernal,
  title={Infernal 1.1: 100-fold faster RNA homology searches},
  author={Nawrocki, Eric P and Eddy, Sean R},
  journal={Bioinformatics},
  volume={29},
  number={22},
  pages={2933--2935},
  year={2013},
  publisher={Oxford Univ Press}
}
@article{bioRNA,
  title={Quantifying variances in comparative RNA secondary structure prediction},
  author={Anderson, James WJ and Nov{\'a}k, {\'A}d{\'a}m and S{\"u}k{\"o}sd, Zsuzsanna and Golden, Michael and Arunapuram, Preeti and Edvardsson, Ingolfur and Hein, Jotun},
  journal={BMC bioinformatics},
  volume={14},
  number={1},
  pages={149},
  year={2013},
  publisher={BioMed Central Ltd}
}
@book{GLR,
  title={Generalized LR parsing},
  author={Tomita, Masaru},
  year={2012},
  publisher={Springer Science \& Business Media}
}
@article{markov,
  title={A revealing introduction to hidden Markov models},
  author={Stamp, Mark},
  journal={Department of Computer Science San Jose State University},
}
@article{crocker2005augmented,
  title={Augmented BNF for syntax specifications: ABNF},
  author={Crocker, David and Overell, Paul},
  year={2005}
}
@article{BNF,
  title={Augmented BNF for syntax specifications: ABNF},
  author={Crocker, David and Overell, Paul},
  year={2005}
}