@article{OptimalDLR,
 author = {Chatterjee, Krishnendu and Choudhary, Bhavya and Pavlogiannis, Andreas},
 title = {Optimal Dyck Reachability for Data-dependence and Alias Analysis},
 journal = {Proc. ACM Program. Lang.},
 issue_date = {January 2018},
 volume = {2},
 number = {POPL},
 month = dec,
 year = {2017},
 issn = {2475-1421},
 pages = {30:1--30:30},
 articleno = {30},
 numpages = {30},
 url = {http://doi.acm.org/10.1145/3158118},
 doi = {10.1145/3158118},
 acmid = {3158118},
 publisher = {ACM},
 address = {New York, NY, USA},
 keywords = {Bidirected graphs, CFL reachability, Data-dependence analysis, Dyck reachability, treewidth},
} 
