@inproceedings{Grigorev,
    author = {Grigorev, Semyon and Ragozina, Anastasiya},
    title = {Context-free Path Querying with Structural Representation of Result},
    booktitle = {Proceedings of the 13th Central \& Eastern European Software Engineering Conference in Russia},
    series = {CEE-SECR '17},
    year = {2017},
    isbn = {978-1-4503-6396-9},
    location = {St. Petersburg, Russia},
    pages = {10:1--10:7},
    articleno = {10},
    numpages = {7},
    url = {http://doi.acm.org/10.1145/3166094.3166104},
    doi = {10.1145/3166094.3166104},
    acmid = {3166104},
    publisher = {ACM},
    address = {New York, NY, USA},
    keywords = {CFPQ, GLL, LL, context-free grammar, graph database, graph parsing, path query, top-down parsing},
}
@inproceedings{stenman2011approximating,
    title={Approximating the Shuffle of Context-free Languages to Find Bugs in Concurrent Recursive Programs},
    author={Stenman, Jari},
    year={2011}
}

@inproceedings{CFLShuffle,
  title={Recognizing shuffled languages},
  author={Berglund, Martin and Bj{\"o}rklund, Henrik and H{\"o}gberg, Johanna},
  booktitle={International Conference on Language and Automata Theory and Applications},
  pages={142--154},
  year={2011},
  organization={Springer}
}

@article{brnglr,
  title={BRNGLR: a cubic Tomita-style GLR parsing algorithm},
  author={Scott, Elizabeth and Johnstone, Adrian and Economopoulos, Rob},
  journal={Acta informatica},
  volume={44},
  number={6},
  pages={427--461},
  year={2007},
  publisher={Springer}
}

@article{gllParsingTree,
  title={GLL parse-tree generation},
  author={Scott, Elizabeth and Johnstone, Adrian},
  journal={Science of Computer Programming},
  volume={78},
  number={10},
  pages={1828--1844},
  year={2013},
  publisher={Elsevier}
}

@article{ModelPDA1,
  title={Model checking dynamic pushdown networks},
  author={Song, Fu and Touili, Tayssir},
  journal={Formal Aspects of Computing},
  volume={27},
  number={2},
  pages={397--421},
  year={2015},
  publisher={Springer}
}

@inproceedings{chaki2006verifying,
  title={Verifying concurrent message-passing C programs with recursive calls},
  author={Chaki, Sagar and Clarke, Edmund and Kidd, Nicholas and Reps, Thomas and Touili, Tayssir},
  booktitle={International Conference on Tools and Algorithms for the Construction and Analysis of Systems},
  pages={334--349},
  year={2006},
  organization={Springer}
}

@article{bouajjani2003generic,
  title={A generic approach to the static analysis of concurrent programs with procedures},
  author={Bouajjani, Ahmed and Esparza, Javier and Touili, Tayssir},
  journal={International Journal of Foundations of Computer Science},
  volume={14},
  number={04},
  pages={551--582},
  year={2003},
  publisher={World Scientific}
}

@inproceedings{gange2015tool,
  title={A tool for intersecting context-free grammars and its applications},
  author={Gange, Graeme and Navas, Jorge A and Schachte, Peter and S{\o}ndergaard, Harald and Stuckey, Peter J},
  booktitle={NASA Formal Methods Symposium},
  pages={422--428},
  year={2015},
  organization={Springer}
}

@inproceedings{reps1995precise,
  title={Precise interprocedural dataflow analysis via graph reachability},
  author={Reps, Thomas and Horwitz, Susan and Sagiv, Mooly},
  booktitle={Proceedings of the 22nd ACM SIGPLAN-SIGACT symposium on Principles of programming languages},
  pages={49--61},
  year={1995},
  organization={ACM}
}

@article{scott2010gll,
  title={GLL parsing},
  author={Scott, Elizabeth and Johnstone, Adrian},
  journal={Electronic Notes in Theoretical Computer Science},
  volume={253},
  number={7},
  pages={177--189},
  year={2010},
  publisher={Elsevier}
}

@phdthesis{SPPF,
  title={Parser generation for interactive environments},
  author={Rekers, Joan Gerard},
  year={1992},
  school={Universiteit van Amsterdam}
}
@inproceedings{BMC,
 author = {Biere, Armin and Cimatti, Alessandro and Clarke, Edmund M. and Zhu, Yunshan},
 title = {Symbolic Model Checking Without BDDs},
 booktitle = {Proceedings of the 5th International Conference on Tools and Algorithms for Construction and Analysis of Systems},
 series = {TACAS '99},
 year = {1999},
 isbn = {3-540-65703-7},
 pages = {193--207},
 numpages = {15},
 url = {http://dl.acm.org/citation.cfm?id=646483.691738},
 acmid = {691738},
 publisher = {Springer-Verlag},
 address = {Berlin, Heidelberg},
} 