@article{Okhotin:2014:PMM:2565359.2565379,
 author = {Okhotin, Alexander},
 title = {Parsing by Matrix Multiplication Generalized to Boolean Grammars},
 journal = {Theor. Comput. Sci.},
 issue_date = {January, 2014},
 volume = {516},
 month = jan,
 year = {2014},
 issn = {0304-3975},
 pages = {101--120},
 numpages = {20},
 url = {http://dx.doi.org/10.1016/j.tcs.2013.09.011},
 acmid = {2565379},
 publisher = {Elsevier Science Publishers Ltd.},
 address = {Essex, UK},
 keywords = {Boolean grammars, Conjunctive grammars, Context-free grammars, Matrix multiplication, Parsing},
}

@article{chomsky1959certain,
  title={On certain formal properties of grammars},
  author={Chomsky, Noam},
  journal={Information and control},
  volume={2},
  number={2},
  pages={137--167},
  year={1959},
  publisher={Academic Press}
}

@incollection{chomsky1963algebraic,
  title={The algebraic theory of context-free languages},
  author={Chomsky, Noam and Sch{\"u}tzenberger, Marcel P},
  booktitle={Studies in Logic and the Foundations of Mathematics},
  volume={35},
  pages={118--161},
  year={1963},
  publisher={Elsevier}
}

@article{rivas2000language,
  title={The language of RNA: a formal grammar that includes pseudoknots},
  author={Rivas, Elena and Eddy, Sean R},
  journal={Bioinformatics},
  volume={16},
  number={4},
  pages={334--340},
  year={2000},
  publisher={Oxford University Press}
}

@article{knudsen1999rna,
  title={RNA secondary structure prediction using stochastic context-free grammars and evolutionary history.},
  author={Knudsen, Bjarne and Hein, Jotun},
  journal={Bioinformatics (Oxford, England)},
  volume={15},
  number={6},
  pages={446--454},
  year={1999}
}

@article{yuan2015reconstructing,
  title={Reconstructing 16S rRNA genes in metagenomic data},
  author={Yuan, Cheng and Lei, Jikai and Cole, James and Sun, Yanni},
  journal={Bioinformatics},
  volume={31},
  number={12},
  pages={i35--i43},
  year={2015},
  publisher={Oxford University Press}
}

@article{dowell2004evaluation,
  title={Evaluation of several lightweight stochastic context-free grammars for RNA secondary structure prediction},
  author={Dowell, Robin D and Eddy, Sean R},
  journal={BMC bioinformatics},
  volume={5},
  number={1},
  pages={71},
  year={2004},
  publisher={BioMed Central}
}

@article{Bernardy:2013:EDP:2544174.2500576,
 author = {Bernardy, Jean-Philippe and Claessen, Koen},
 title = {Efficient Divide-and-conquer Parsing of Practical Context-free Languages},
 journal = {SIGPLAN Not.},
 issue_date = {September 2013},
 volume = {48},
 number = {9},
 month = sep,
 year = {2013},
 issn = {0362-1340},
 pages = {111--122},
 numpages = {12},
 url = {http://doi.acm.org/10.1145/2544174.2500576},
 acmid = {2500576},
 publisher = {ACM},
 address = {New York, NY, USA},
 keywords = {complexity, context-free languages, divide-and-conquer, iteration, parsing},
}

@techreport{Kas,
  added-at = {2008-03-17T11:27:54.000+0100},
  address = {Bedford, MA$\dag$},
  author = {Kasami, T.},
  institution = {Air Force Cambridge Research Laboratory},
  interhash = {22b90be10050edebecb4578f4a7db80a},
  intrahash = {d603583e84a02ed5e9b4516df2a68c3a},
  keywords = {2000 book nlp},
  number = {AFCRL-65-758},
  timestamp = {2008-03-17T11:32:48.000+0100},
  title = {An efficient recognition and syntax analysis algorithm for context-free languages},
  year = 1965
}

@inproceedings{Younger:1966:CLP:1441427.1442019,
 author = {Younger, Daniel H.},
 title = {Context-free Language Processing in Time N3},
 booktitle = {Proceedings of the 7th Annual Symposium on Switching and Automata Theory (Swat 1966)},
 series = {SWAT '66},
 year = {1966},
 pages = {7--20},
 numpages = {14},
 url = {https://doi.org/10.1109/SWAT.1966.7},
 acmid = {1442019},
 publisher = {IEEE Computer Society},
 address = {Washington, DC, USA},
}

@article{Earley:1970:ECP:362007.362035,
 author = {Earley, Jay},
 title = {An Efficient Context-free Parsing Algorithm},
 journal = {Commun. ACM},
 issue_date = {Feb 1970},
 volume = {13},
 number = {2},
 month = feb,
 year = {1970},
 issn = {0001-0782},
 pages = {94--102},
 numpages = {9},
 url = {http://doi.acm.org/10.1145/362007.362035},
 acmid = {362035},
 publisher = {ACM},
 address = {New York, NY, USA},
 keywords = {compilers, computational complexity, context-free grammar, parsing, syntax analysis},
}

@article{Valiant:1975:GCR:1739932.1740048,
 author = {Valiant, Leslie G.},
 title = {General Context-free Recognition in Less Than Cubic Time},
 journal = {J. Comput. Syst. Sci.},
 issue_date = {April, 1975},
 volume = {10},
 number = {2},
 month = apr,
 year = {1975},
 issn = {0022-0000},
 pages = {308--315},
 numpages = {8},
 url = {http://dx.doi.org/10.1016/S0022-0000(75)80046-8},
 acmid = {1740048},
 publisher = {Academic Press, Inc.},
 address = {Orlando, FL, USA},
}

@manual{M4RI,
    key          = "M4RI",
    author       = "Martin Albrecht and Gregory Bard",
    organization = "The M4RI~Team",
    title        = "{The M4RI Library}",
    year         = 2019,
    url          = "\url{https://bitbucket.org/malb/m4ri}",
}
