@inproceedings{gsv,
  title={Context-free path querying by matrix multiplication},
  author={Azimov, Rustam and Grigorev, Semyon},
  booktitle={Proceedings of the 1st ACM SIGMOD Joint International Workshop on Graph Data Management Experiences \& Systems (GRADES) and Network Data Analytics (NDA)},
  pages={5},
  year={2018},
  organization={ACM}
}

@conference{grigorevcomposition,
author={Semyon Grigorev. and Polina Lunina.},
title={The Composition of Dense Neural Networks and Formal Grammars for Secondary Structure Analysis},
booktitle={Proceedings of the 12th International Joint Conference on Biomedical Engineering Systems and Technologies - Volume 3: BIOINFORMATICS,},
year={2019},
pages={234-241},
publisher={SciTePress},
organization={INSTICC},
doi={10.5220/0007472302340241},
isbn={978-989-758-353-7},
}

@misc{trnadb1,
  title="{Genomic tRNA Database}",
  howpublished ={Web page},
  url={http://gtrnadb.ucsc.edu/},
  note="URL: \url{http://gtrnadb.ucsc.edu/}. Last accessed 05.06.2019"
}

@misc{trnadb2,
  title="{tRNADB-CE}",
  howpublished ={Web page},
  url={http://trna.ie.niigata-u.ac.jp/cgi-bin/trnadb/index.cgi},
  note="URL: \url{http://trna.ie.niigata-u.ac.jp/cgi-bin/trnadb/index.cgi}. Last accessed 05.06.2019"
}
