@inproceedings{popl2016,
  author  = {Nikhil Swamy and Cătălin Hriţcu and Chantal Keller}, 
  title = {Dependent Types and Multi-Monadic Effects in {F*}},
  booktitle = {43nd ACM SIGPLAN-SIGACT
    Symposium on Principles of Programming Languages (POPL)},
  shortbooktitle = {POPL},
  pages = {256-270},
  publisher = {ACM},
  year = {2016},
  url = {https://www.fstar-lang.org/papers/mumon/}
}  

@inproceedings{fully_abstract_js,
  author = {Cédric Fournet, Nikhil Swamy, Juan Chen, Pierre-Evariste Dagand, Pierre-Yves Strub, Ben Livshits},
  title = {Fully Abstract Compilation to JavaScript},
  booktitle = {ACM SIGPLAN-SIGACT Symposium on Principles of Programming Languages (POPL) 2013},
  year = {2013},
  publisher = {ACM},
  pages = {371-384},
  url = {https://www.microsoft.com/en-us/research/publication/fully-abstract-compilation-to-javascript/}
}

@inproceedings{js_semantics,
 author = {Gardner, Philippa Anne and Maffeis, Sergio and Smith, Gareth David},
 title = {Towards a Program Logic for JavaScript},
 booktitle = {Proceedings of the 39th Annual ACM SIGPLAN-SIGACT Symposium on Principles of Programming Languages},
 series = {POPL '12},
 year = {2012},
 pages = {31--44},
 url = {http://doi.acm.org/10.1145/2103656.2103663},
 publisher = {ACM}
} 

@online{fstar,
  title        = "F* Tutorial",
  url          = { https://www.fstar-lang.org/tutorial/ }
}

@online{fstarCite,
  title        = "Сайт проекта F*",
  url          = { https://www.fstar-lang.org/ }
}

@online{fstargh,
  title        = "Репозиторий проекта F*",
  url          = { https://github.com/FStarLang/FStar/ }
}

@online{heartbleed,
  title        = "Уязвимость Heartbleed",
  url          = { http://heartbleed.com/ }
}
@online{z3Cite,
  title        = "Сайт проекта Z3",
  url          = { http://z3.codeplex.com/ }
}

@online{flow,
  title        = "Сайт проекта Flow",
  url          = { https://flow.org/en/ }
}

@online{flow_ast,
  title        = "Абстрактное синтаксическое дерево программ на Flow",
  url          = { https://github.com/facebook/flow/blob/master/src/parser/ast.ml }
}

@online{kremlin,
  title        = "Репозиторий проекта KreMLin",
  url          = { https://github.com/FStarLang/kremlin }
}

@online{hacl_star,
  title        = "Репозиторий проекта HACL*",
  url          = { https://github.com/mitls/hacl-star }
}

@online{mitls,
  title        = "Сайт проекта miTLS",
  url          = { https://mitls.org/ }
}

@online{openssl,
  title        = "Сайт криптографической библиотеки OpenSSL",
  url          = { https://www.openssl.org/ }
}

@online{everest,
  title        = "Сайт проекта Everest",
  url          = { https://project-everest.github.io/ }
}

@online{specjs,
  title        = "Спецификация языка ECMAScript 6",
  url          = { http://www.ecma-international.org/publications/standards/Ecma-262.htm }
}

@book{Pierce,
 author = {Pierce, Benjamin C.},
 title = {Types and Programming Languages},
 year = {2002},
 publisher = {MIT Press},
 address = {Cambridge, MA, USA}
} 

@online{chacha,
  title        = {ChaCha20 and Poly1305 for IETF Protocols},
  author       = {Y. Nir},
  year         = {2015},
  url          = { https://tools.ietf.org/html/rfc7539 }
}

@online{tls,
  title        = {The Transport Layer Security (TLS) Protocol Version 1.2},
  author       = {T. Dierks and  E. Rescorla},
  year         = {2008},
  url          = { https://tools.ietf.org/html/rfc5246}
}

@online{listjs,
  title        = "Список языков программирования, которые транслируются в JavaScript",
  url          = { https://github.com/jashkenas/coffeescript/wiki/list-of-languages-that-compile-to-js }
}

@online{flow_plugin,
  title        = "Плагин для удаления типов в JavaScript-программе",
  url          = { https://www.npmjs.com/package/babel-plugin-transform-flow-strip-types }
}

@online{module_plugin,
  title        = "Плагин для преобразования export/import-стиля в exports/require-стиль",
  url          = { https://www.npmjs.com/package/babel-plugin-transform-flow-strip-types }
}

@book{dragons,
 author = {	А.В. Ахо and М.С. Лам and Р. Сети and Д. Д. Ульман},
 title = {Компиляторы. Принципы, технологии и инструментарий},
 year = {2016},
 publisher = {Вильямс}
} 

@Inbook{Letouzey2008,
  author={Letouzey, Pierre},
  title={Extraction in Coq: An Overview},
  bookTitle={Logic and Theory of Algorithms: 4th Conference on Computability in Europe, CiE 2008, Athens, Greece, June 15-20, 2008 Proceedings},
  year={2008},
  pages={359--369},
  url="http://dx.doi.org/10.1007/978-3-540-69407-6_39"
}

@misc{certifiedProgramming,
  title={Certified programming with dependent types},
  author={Chlipala, Adam},
  year={2016},
  publisher={MIT Press New York}
}

@book{semantics_with_applications,
 author = {Hanne Riis Nielson and Flemming Nielson},
 title = {Semantics with Applications: An Appetizer},
 year = {2007},
 publisher = {Springer}
} 

@article{lle1986proof,
  title={Proof of translation in Natural Semantics. In proceedings of the rst Symp. on Logic In Computer Science, LICS'86},
  author={lle Despeyroux, Jo},
  journal={IEEE Computer Society, June},
  year={1986}
}

@article{van2002goal,
  title={Goal question metric (gqm) approach},
  author={Van Solingen, Rini and Basili, Vic and Caldiera, Gianluigi and Rombach, H Dieter},
  journal={Encyclopedia of software engineering},
  year={2002},
  publisher={Wiley Online Library}
}

@book{operational_semantics,
 author = {Maribel Fernandez},
 title = {Programming Languages and Operational Semantics. A Concise Overview},
 year = {2014},
 publisher = {Springer}
} 

@online{node_js,
  title        = "Платформа Node.js",
  url          = { https://nodejs.org/en/ }
}

@online{top10,
  title        = "Рейтинг топ-10 языков программирования, используемых в веб-разработке",
  url          = { http://www.rswebsols.com/tutorials/programming/top-10-programming-languages-web-development }
}

@online{typeScript,
  title        = "Язык программирования TypeScript",
  url          = { https://www.typescriptlang.org/ }
}

@online{bucklescript,
  title        = "Сайт проекта BuckleScript",
  url          = { https://bloomberg.github.io/bucklescript/ }
}

@online{ocamljs,
  title        = "Сайт проекта js\_of\_ocaml",
  url          = { http://ocsigen.org/js_of_ocaml/ }
}

@online{coq,
  title        = "Сайт проекта Coq",
  url          = { https://coq.inria.fr/ }
}

@online{idris,
  title        = "Сайт проекта Idris",
  url          = { http://www.idris-lang.org/ }
}

@online{agda,
  title        = "Сайт проекта Agda",
  url          = { http://wiki.portal.chalmers.se/agda/pmwiki.php }
}

@online{ocaml,
  title        = "Сайт проекта OCaml",
  url          = { http://ocaml.org/ }
}

@online{flowts,
  title        = "Сравнение инструмента Flow с языком TypeScript",
  url          = { http://djcordhose.github.io/flow-vs-typescript/ }
}

@online{dafny,
  title        = "Сайт проекта Dafny",
  url          = { https://github.com/Microsoft/dafny }
}

@online{vale,
  title        = "Сайт проекта Vale",
  url          = { https://github.com/project-everest/vale }
}

@online{chachajs,
  title        = "Репозиторий проекта js-chacha20",
  url          = {https://github.com/thesimj/js-chacha20 }
}

@online{wasm,
  title        = "Сайт проекта Web Assembly",
  url          = {http://webassembly.org/ }
}
