@conference{jsa,
    author  =   "Aske Simon Christensen and Anders M{\o}ller and Michael I.Schwartzbach",
    title   =   "Precise Analysis of String Expressions",
    organization =   "Proc. 10th International Static Analysis Symposium (SAS)",
    month = "June",
    year = "2003",
    pages   =   "1--18",
    publisher = "Springer-Verlag: Berlin"
}

@conference{phpsa,
    author  =   "Yasuhiko Minamide",
    title   =   "Static approximation of dynamically generated web pages",
    organization ="In Proceedings of the 14th International Conference on World Wide Web, WWW '05",
    year = "2005",
    pages   =   "432--441",
    publisher = "ACM"
}

@conference{alvor,
    author  =   "Aivar Annamaa and Andrey Breslav and Jevgeni Kabanov and Varmo Vene",
    title   =   "An Interactive Tool for Analyzing Embedded SQL Queries",
    organization = "Programming Languages and Systems",
    year = "2010",
    pages   =   "131--138",
    publisher = "Springer: Berlin"
}

@Inbook{a_lr,
    author="Doh, Kyung-Goo
    and Kim, Hyunha
    and Schmidt, David A.",
    editor="Agha, Gul
    and Danvy, Olivier
    and Meseguer, Jos{\'e}",
    title="Abstract LR-Parsing",
    bookTitle="Formal Modeling: Actors, Open Systems, Biological Systems: Essays Dedicated to Carolyn Talcott on the Occasion of Her 70th Birthday",
    year="2011",
    publisher="Springer Berlin Heidelberg",
    address="Berlin, Heidelberg",
    pages="90--109",
    isbn="978-3-642-24933-4",
    doi="10.1007/978-3-642-24933-4_6",
    url="http://dx.doi.org/10.1007/978-3-642-24933-4_6"
}

@Inbook{gfg,
    author="Pingali, Keshav
    and Bilardi, Gianfranco",
    editor="Franke, Bj{\"o}rn",
    title="A Graphical Model for Context-Free Grammar Parsing",
    bookTitle="Compiler Construction: 24th International Conference, CC 2015, Held as Part of the European Joint Conferences on Theory and Practice of Software, ETAPS 2015, London, UK, April 11-18, 2015, Proceedings",
    year="2015",
    publisher="Springer Berlin Heidelberg",
    address="Berlin, Heidelberg",
    pages="3--27",
    isbn="978-3-662-46663-6",
    doi="10.1007/978-3-662-46663-6_1",
    url="http://dx.doi.org/10.1007/978-3-662-46663-6_1"
}

@inproceedings
{varis,
    author = {Nguyen, H. V. and K{\"a}stner, C. and Nguyen, T. N.},
    title = {Varis: IDE Support for Embedded Client Code in PHP Web Applications},
    booktitle = {Proceedings of the 37th International Conference on Software Engineering (ICSE)},
    year = {2015},
    note = {Formal Demonstration paper},
    publisher = {ACM Press},
    address = {New York, NY},
}

@article{gll,
title = "GLL parsing",
keywords = "generalised parsing, recursive descent, RNGLR and RIGLR parsing, parsing, Context Free Grammar, Context free languages",
author = "Elizabeth Scott and Adrian Johnstone",
year = "2009",
doi = "10.1016/j.entcs.2010.08.041",
volume = "253",
journal = "Electronic Notes in Theoretical Computer Science",
issn = "1571-0661",
publisher = "Elsevier",
number = "7",
}

@mastersthesis{nastya,
    author    = "Anastasiya Ragozina",
    title     = "GLL-based relaxed parsing of dynamically generated code",
    school    = "SPbU",
    type      = "Master’s Thesis",
    year      = "2016"
}

@MISC{sppf,
    author = {Jan Rekers},
    title = {Parser Generation for Interactive Environments},
    year = {1992}
}

@online{alvor_url,
    title        = "Сайт проекта Alvor",
    url          = {https://bitbucket.org/plas/alvor}
}

@online{phpsa_url,
    title        = "Сайт проекта PHP String Analyzer",
    url          = {}
}

@online{jsa_url,
    title        = "Сайт проекта Java String Analyzer",
    url          = { http://www.brics.dk/JSA/ }
}

@online{yc,
    title        = "Сайт проекта YaccConstructor",
    url          = { https://github.com/YaccConstructor/ }
}
