@article{Earley,
  title={Subgraph queries by context-free grammars},
  author={Sevon, Petteri and Eronen, Lauri},
  journal={Journal of Integrative Bioinformatics (JIB)},
  volume={5},
  number={2},
  pages={157--172},
  year={2008}
}

@article{GraphGLL,
  title={Context-Free Path Querying with Structural Representation of Result},
  author={Grigorev, Semyon and Ragozina, Anastasiya},
  journal={arXiv preprint arXiv:1612.08872},
  year={2016}
}

@inproceedings{RelaxedRNGLR,
  title={Relaxed parsing of regular approximations of string-embedded languages},
  author={Verbitskaia, Ekaterina and Grigorev, Semyon and Avdyukhin, Dmitry},
  booktitle={International Andrei Ershov Memorial Conference on Perspectives of System Informatics},
  pages={291--302},
  year={2015},
  organization={Springer}
}

@article{UniProt,
  title={UniProt: a hub for protein information},
  author={UniProt Consortium and others},
  journal={Nucleic acids research},
  pages={gku989},
  year={2014},
  publisher={Oxford Univ Press}
}

@article{GraphParsingGPU,
  title={Graph Parsing by Matrix Multiplication},
  author={Azimov, Rustam and Grigorev, Semyon},
  journal={arXiv preprint arXiv:1707.01007},
  year={2017}
}