@inproceedings{Azimov:2018:CPQ:3210259.3210264,
 author = {Azimov, Rustam and Grigorev, Semyon},
 title = {Context-free Path Querying by Matrix Multiplication},
 booktitle = {Proceedings of the 1st ACM SIGMOD Joint International Workshop on Graph Data Management Experiences \& Systems (GRADES) and Network Data Analytics (NDA)},
 series = {GRADES-NDA '18},
 year = {2018},
 isbn = {978-1-4503-5695-4},
 location = {Houston, Texas},
 pages = {5:1--5:10},
 articleno = {5},
 numpages = {10},
 url = {http://doi.acm.org/10.1145/3210259.3210264},
 doi = {10.1145/3210259.3210264},
 acmid = {3210264},
 publisher = {ACM},
 address = {New York, NY, USA},
 keywords = {GPGPU, context-free grammar, context-free path querying, graph databases, matrix multiplication, transitive closure},
}

@article{fan2018scaling,
  title={Scaling-Up In-Memory Datalog Processing: Observations and Techniques},
  author={Fan, Zhiwei and Zhu, Jianqiao and Zhang, Zuyu and Albarghouthi, Aws and Koutris, Paraschos and Patel, Jignesh},
  journal={arXiv preprint arXiv:1812.03975},
  year={2018}
}


@article{albrechtefficient,
  title={Efficient multiplication of dense matrices over GF (2)},
  author={Albrecht, MR and Bard, GV and Hart, W},
  journal={arXiv preprint arXiv:0811.1714},
  year={2008}
}

@manual{M4RI,
    key          = "M4RI",
    author       = "Martin Albrecht and Gregory Bard",
    organization = "The M4RI~Team",
    title        = "{The M4RI Library}",
    year         = 2019,
    url          = {https://bitbucket.org/malb/m4ri},

}

@inproceedings{hellingsRelational,
  title={Conjunctive context-free path queries},
  author={Hellings, Jelle},
  booktitle={Proceedings of ICDT'14},
  pages={119--130},
  year={2014}
}


@Misc{scipy,
  author =    {Eric Jones and Travis Oliphant and Pearu Peterson and others},
  title =     {{SciPy}: Open source scientific tools for {Python}},
  year =      {2001--},
  url = "http://www.scipy.org/",
  note = {[Online; accessed 5.3.2019]}
}


@inproceedings{arlazarov1970economical,
  title={On economical construction of the transitive closure of an oriented graph},
  author={Arlazarov, Vladimir L'vovich and Dinitz, Yefim A and Kronrod, MA and Faradzhev, IgorAleksandrovich},
  booktitle={Doklady Akademii Nauk},
  volume={194},
  number={3},
  pages={487--488},
  year={1970},
  organization={Russian Academy of Sciences}
}
@inproceedings{RDF,
  author={Zhang, X. and Feng, Z. and Wang, X. and Rao, G. and Wu, W.},
  title={Context-free path queries on RDF graphs},
  booktitle={International Semantic Web Conference},
  pages={632--648},
  year={2016},
  organization={Springer}
}
