
@book{EddyDurbin,
  title={Biological sequence analysis: probabilistic models of proteins and nucleic acids},
  author={Durbin, Richard and Eddy, Sean R and Krogh, Anders and Mitchison, Graeme},
  year={1998},
  publisher={Cambridge university press}
}

@article{Humidor,
  title={Humidor: Microbial Community Classification of the 16S Gene by Training CIGAR Strings with Convolutional Neural Networks},
  author={Sherman, Douglas},
  year={2017}
}

@inproceedings{ANN,
  title={Bacteria classification based on 16S ribosomal gene using artificial neural networks},
  author={Higashi, Susan and Hungria, Mariangela and Brunetto, MADC},
  booktitle={Proceedings of the 8th WSEAS International Conference on Computational intelligence, man-machine systems and cybernetics},
  pages={86--91},
  year={2009}
}

@article{GrammarsRNA,
  title={The language of RNA: a formal grammar that includes pseudoknots},
  author={Rivas, Elena and Eddy, Sean R},
  journal={Bioinformatics},
  volume={16},
  number={4},
  pages={334--340},
  year={2000},
  publisher={Oxford University Press}
}

@article{PCFG,
  title={RNA secondary structure prediction using stochastic context-free grammars and evolutionary history.},
  author={Knudsen, Bjarne and Hein, Jotun},
  journal={Bioinformatics (Oxford, England)},
  volume={15},
  number={6},
  pages={446--454},
  year={1999}
}

@article{meta,
  title={Reconstructing 16S rRNA genes in metagenomic data},
  author={Yuan, Cheng and Lei, Jikai and Cole, James and Sun, Yanni},
  journal={Bioinformatics},
  volume={31},
  number={12},
  pages={i35--i43},
  year={2015},
  publisher={Oxford University Press}
}

@article{LWPCFG,
  title={Evaluation of several lightweight stochastic context-free grammars for RNA secondary structure prediction},
  author={Dowell, Robin D and Eddy, Sean R},
  journal={BMC bioinformatics},
  volume={5},
  number={1},
  pages={71},
  year={2004},
  publisher={BioMed Central}
}

@article{SEKI1991191,
title = "On multiple context-free grammars",
journal = "Theoretical Computer Science",
volume = "88",
number = "2",
pages = "191 - 229",
year = "1991",
issn = "0304-3975",
doi = "https://doi.org/10.1016/0304-3975(91)90374-B",
url = "http://www.sciencedirect.com/science/article/pii/030439759190374B",
author = "Hiroyuki Seki and Takashi Matsumura and Mamoru Fujii and Tadao Kasami"
}

@article{OKHOTIN2014101,
title = "Parsing by matrix multiplication generalized to Boolean grammars",
journal = "Theoretical Computer Science",
volume = "516",
pages = "101 - 120",
year = "2014",
issn = "0304-3975",
doi = "https://doi.org/10.1016/j.tcs.2013.09.011",
url = "http://www.sciencedirect.com/science/article/pii/S0304397513006919",
author = "Alexander Okhotin",
keywords = "Boolean grammars, Conjunctive grammars, Context-free grammars, Matrix multiplication, Parsing"
}

@article{Valiant:1975:GCR:1739932.1740048,
 author = {Valiant, Leslie G.},
 title = {General Context-free Recognition in Less Than Cubic Time},
 journal = {J. Comput. Syst. Sci.},
 issue_date = {April, 1975},
 volume = {10},
 number = {2},
 month = apr,
 year = {1975},
 issn = {0022-0000},
 pages = {308--315},
 numpages = {8},
 url = {http://dx.doi.org/10.1016/S0022-0000(75)80046-8},
 doi = {10.1016/S0022-0000(75)80046-8},
 acmid = {1740048},
 publisher = {Academic Press, Inc.},
 address = {Orlando, FL, USA},
}

@inproceedings{Azimov:2018:CPQ:3210259.3210264,
 author = {Azimov, Rustam and Grigorev, Semyon},
 title = {Context-free Path Querying by Matrix Multiplication},
 booktitle = {Proceedings of the 1st ACM SIGMOD Joint International Workshop on Graph Data Management Experiences \& Systems (GRADES) and Network Data Analytics (NDA)},
 series = {GRADES-NDA '18},
 year = {2018},
 isbn = {978-1-4503-5695-4},
 location = {Houston, Texas},
 pages = {5:1--5:10},
 articleno = {5},
 numpages = {10},
 url = {http://doi.acm.org/10.1145/3210259.3210264},
 doi = {10.1145/3210259.3210264},
 acmid = {3210264},
 publisher = {ACM},
 address = {New York, NY, USA},
 keywords = {GPGPU, context-free grammar, context-free path querying, graph databases, matrix multiplication, transitive closure},
}

@Article{Infernal,
   Author="Nawrocki, E. P.  and Eddy, S. R. ",
   Title="{{I}nfernal 1.1: 100-fold faster {R}{N}{A} homology searches}",
   Journal="Bioinformatics",
   Year="2013",
   Volume="29",
   Number="22",
   Pages="2933--2935",
   Month="Nov"
}

@incollection{KanchanDevi2017,
  doi = {10.1007/978-3-319-64419-6_16},
  url = {https://doi.org/10.1007/978-3-319-64419-6_16},
  year  = {2017},
  publisher = {Springer International Publishing},
  pages = {119--127},
  author = {K. Kanchan Devi and S. Arumugam},
  title = {Probabilistic Conjunctive Grammar},
  booktitle = {Theoretical Computer Science and Discrete Mathematics}
}

@article{zier2013rna,
  title={RNA pseudoknot prediction through stochastic conjunctive grammars},
  author={Zier-Vogel, Ryan and Domaratzki, Michael},
  journal={Computability in Europe 2013. Informal Proceedings},
  pages={80--89},
  year={2013}
}

@article{Okhotin:2001:CG:543313.543323,
 author = {Okhotin, Alexander},
 title = {Conjunctive Grammars},
 journal = {J. Autom. Lang. Comb.},
 issue_date = {April 2001},
 volume = {6},
 number = {4},
 month = apr,
 year = {2001},
 issn = {1430-189X},
 pages = {519--535},
 numpages = {17},
 url = {http://dl.acm.org/citation.cfm?id=543313.543323},
 acmid = {543323},
 publisher = {Otto-von-Guericke-Universitat},
 address = {Magdeburg, Germany, Germany},
 keywords = {conjuctive grammar, context-free grammar, descriptional complexity, intersection, parsing},
}

@Article{pmid16820507,
   Author="DeSantis, T. Z.  and Hugenholtz, P.  and Larsen, N.  and Rojas, M.  and Brodie, E. L.  and Keller, K.  and Huber, T.  and Dalevi, D.  and Hu, P.  and Andersen, G. L. ",
   Title="{{G}reengenes, a chimera-checked 16{S} r{R}{N}{A} gene database and workbench compatible with {A}{R}{B}}",
   Journal="Appl. Environ. Microbiol.",
   Year="2006",
   Volume="72",
   Number="7",
   Pages="5069--5072",
   Month="Jul"
}

@Article{pmid19854944,
   Author="Geer, L. Y.  and Marchler-Bauer, A.  and Geer, R. C.  and Han, L.  and He, J.  and He, S.  and Liu, C.  and Shi, W.  and Bryant, S. H. ",
   Title="{{T}he {N}{C}{B}{I} {B}io{S}ystems database}",
   Journal="Nucleic Acids Res.",
   Year="2010",
   Volume="38",
   Number="Database issue",
   Pages="D492--496",
   Month="Jan"
}

@article{mcfgMatrices,
author = {Cohen, Shay B. and Gildea, Daniel},
title = {Parsing Linear Context-Free Rewriting Systems with Fast Matrix Multiplication},
journal = {Computational Linguistics},
volume = {42},
number = {3},
pages = {421-455},
year = {2016},
doi = {10.1162/COLI\_a\_00254},

URL = { 
        https://doi.org/10.1162/COLI_a_00254
    
},
eprint = { 
        https://doi.org/10.1162/COLI_a_00254
    
}

  
}

@article{Riechert:2016:ADP:2972703.2972851,
 author = {Riechert, Maik and H\"{o}ner zu Siederdissen, Christian and Stadler, Peter F.},
 title = {Algebraic Dynamic Programming for Multiple Context-free Grammars},
 journal = {Theor. Comput. Sci.},
 issue_date = {August 2016},
 volume = {639},
 number = {C},
 month = aug,
 year = {2016},
 issn = {0304-3975},
 pages = {91--109},
 numpages = {19},
 url = {https://doi.org/10.1016/j.tcs.2016.05.032},
 doi = {10.1016/j.tcs.2016.05.032},
 acmid = {2972851},
 publisher = {Elsevier Science Publishers Ltd.},
 address = {Essex, UK},
 keywords = {Algebraic dynamic programming, Dynamic programming, Multiple context-free grammars, Pseudoknots, RNA secondary structure prediction},
} 

@article{DBLP:Witold:Proteins,
  author    = {Witold Dyrka and
               Fran{\c{c}}ois Coste and
               Juliette Talibart},
  title     = {Estimating probabilistic context-free grammars for proteins using
               contact map constraints},
  journal   = {CoRR},
  volume    = {abs/1805.08630},
  year      = {2018},
  url       = {http://arxiv.org/abs/1805.08630},
  archivePrefix = {arXiv},
  eprint    = {1805.08630},
  timestamp = {Mon, 13 Aug 2018 16:46:57 +0200},
  biburl    = {https://dblp.org/rec/bib/journals/corr/abs-1805-08630},
  bibsource = {dblp computer science bibliography, https://dblp.org}
}

@article{DBLP:journals:corr:KimS16,
  author    = {Minje Kim and
               Paris Smaragdis},
  title     = {Bitwise Neural Networks},
  journal   = {CoRR},
  volume    = {abs/1601.06071},
  year      = {2016},
  url       = {http://arxiv.org/abs/1601.06071},
  archivePrefix = {arXiv},
  eprint    = {1601.06071},
  timestamp = {Mon, 13 Aug 2018 16:46:49 +0200},
  biburl    = {https://dblp.org/rec/bib/journals/corr/KimS16},
  bibsource = {dblp computer science bibliography, https://dblp.org}
}

@article{Abe2010,
  doi = {10.1093/nar/gkq1007},
  url = {https://doi.org/10.1093/nar/gkq1007},
  year  = {2010},
  month = {nov},
  publisher = {Oxford University Press ({OUP})},
  volume = {39},
  number = {Database},
  pages = {D210--D213},
  author = {T. Abe and T. Ikemura and J. Sugahara and A. Kanai and Y. Ohara and H. Uehara and M. Kinouchi and S. Kanaya and Y. Yamada and A. Muto and H. Inokuchi},
  title = {{tRNADB}-{CE} 2011: {tRNA} gene database curated manually by experts},
  journal = {Nucleic Acids Research}
}

@article{Chan2009,
  doi = {10.1093/nar/gkn787},
  url = {https://doi.org/10.1093/nar/gkn787},
  year  = {2009},
  month = {jan},
  publisher = {Oxford University Press ({OUP})},
  volume = {37},
  number = {Database},
  pages = {D93--D97},
  author = {P. P. Chan and T. M. Lowe},
  title = {{GtRNAdb}: a database of transfer {RNA} genes detected in genomic sequence},
  journal = {Nucleic Acids Research}
}

@article{DBLP:journals:corr:IoffeS15,
  author    = {Sergey Ioffe and
               Christian Szegedy},
  title     = {Batch Normalization: Accelerating Deep Network Training by Reducing
               Internal Covariate Shift},
  journal   = {CoRR},
  volume    = {abs/1502.03167},
  year      = {2015},
  url       = {http://arxiv.org/abs/1502.03167},
  archivePrefix = {arXiv},
  eprint    = {1502.03167},
  timestamp = {Mon, 13 Aug 2018 16:47:06 +0200},
  biburl    = {https://dblp.org/rec/bib/journals/corr/IoffeS15},
  bibsource = {dblp computer science bibliography, https://dblp.org}
}

@Article{Jimenez-Montano1984,
author="Jim{\'e}nez-Monta{\~{n}}o, M. A.",
title="On the syntactic structure of protein sequences and the concept of grammar complexity",
journal="Bulletin of Mathematical Biology",
year="1984",
month="Jul",
day="01",
volume="46",
number="4",
pages="641--659",
abstract="It is shown that the concepts of grammar complexity and syntactic structure provide a useful mathematical framework for the investigation of some current problems in protein structure. Grammar complexity gives a measure of the degree of aperiodicity of a sequence and also an optimization criterion for evaluating amino acid categorizations. Three systems of amino acid categorization are compared in relation to their value for describing molecular architecture.",
issn="1522-9602",
doi="10.1007/BF02459508",
url="https://doi.org/10.1007/BF02459508"
}

@article{Younger1967RecognitionAP,
  title={Recognition and Parsing of Context-Free Languages in Time $n^3$},
  author={Daniel H. Younger},
  journal={Information and Control},
  year={1967},
  volume={10},
  pages={189-208}
}

@inproceedings{Browny1993StochasticCG,
  title={Stochastic Context-Free Grammars for Modeling RNA},
  author={Michael Browny and Rebecca C. Underwoody and I. Saira Mianx and David Haussleryy},
  year={1993}
}

@article{Dyrka2008ASC,
  title={A stochastic context free grammar based framework for analysis of protein sequences},
  author={Witold Dyrka and Jean-Christophe Nebel},
  journal={BMC Bioinformatics},
  year={2008},
  volume={10},
  pages={323 - 323}
}

@inproceedings{Sciacca2011AnnotatedSC,
  title={Annotated Stochastic Context Free Grammars for Analysis and Synthesis of Proteins},
  author={Eva Sciacca and Salvatore Spinella and Dino Ienco and Paola Giannini},
  booktitle={EvoBio},
  year={2011}
}

@article{knudsen2003pfold,
  title={Pfold: RNA secondary structure prediction using stochastic context-free grammars},
  author={Knudsen, Bjarne and Hein, Jotun},
  journal={Nucleic acids research},
  volume={31},
  number={13},
  pages={3423--3428},
  year={2003},
  publisher={Oxford University Press}
}

@inproceedings{Knudsen2005StochasticCG,
  title={Stochastic Context-Free Grammars and RNA Secondary Structure Prediction},
  author={Martin Knudsen},
  year={2005}
}

@inproceedings{Thiemann:2008:MCG:1389449.1389465,
 author = {Thiemann, Peter and Neubauer, Matthias},
 title = {Macros for Context-free Grammars},
 booktitle = {Proceedings of the 10th International ACM SIGPLAN Conference on Principles and Practice of Declarative Programming},
 series = {PPDP '08},
 year = {2008},
 isbn = {978-1-60558-117-0},
 location = {Valencia, Spain},
 pages = {120--130},
 numpages = {11},
 url = {http://doi.acm.org/10.1145/1389449.1389465},
 doi = {10.1145/1389449.1389465},
 acmid = {1389465},
 publisher = {ACM},
 address = {New York, NY, USA},
}

@incollection{Sksd2013,
  doi = {10.1007/978-1-62703-709-9_8},
  url = {https://doi.org/10.1007/978-1-62703-709-9_8},
  year  = {2013},
  month = {dec},
  publisher = {Humana Press},
  pages = {143--162},
  author = {Zsuzsanna S\"{u}k\"{o}sd and Ebbe S. Andersen and Rune Lyngs{\o}},
  title = {{SCFGs} in {RNA} Secondary Structure Prediction {RNA} secondary structure prediction : A Hands-on Approach},
  booktitle = {Methods in Molecular Biology}
}

@article{Liu2005,
  doi = {10.1002/cpe.952},
  url = {https://doi.org/10.1002/cpe.952},
  year  = {2005},
  publisher = {Wiley},
  volume = {17},
  number = {14},
  pages = {1669--1685},
  author = {Tong Liu and Bertil Schmidt},
  title = {Parallel {RNA} secondary structure prediction using stochastic context-free grammars},
  journal = {Concurrency and Computation: Practice and Experience}
}
