@article{azimov-spbu-Anderson,
  title={Quantifying variances in comparative RNA secondary structure prediction},
  author={Anderson, James WJ and Nov{\'a}k, {\'A}d{\'a}m and S{\"u}k{\"o}sd, Zsuzsanna and Golden, Michael and Arunapuram, Preeti and Edvardsson, Ingolfur and Hein, Jotun},
  journal={BMC bioinformatics},
  volume={14},
  number={1},
  pages={149},
  year={2013},
  publisher={BioMed Central}
}

@article{azimov-spbu-graphDB,
  title={Finding regular simple paths in graph databases},
  author={Mendelzon, Alberto O and Wood, Peter T},
  journal={SIAM Journal on Computing},
  volume={24},
  number={6},
  pages={1235--1258},
  year={1995},
  publisher={SIAM}
}

@article{azimov-spbu-Okhotin,
  title={О сложности задачи генерации строк},
  author={Охотин, А С},
  journal={Дискретная математика},
  volume={15},
  number={4},
  pages={84--99},
  year={2003},
  publisher={Российская академия наук, Математический институт им. ВА Стеклова Российской академии наук}
}

@inproceedings{azimov-spbu-hellings1,
  title={Conjunctive context-free path queries},
  author={Hellings, Jelle},
  year={2014}
}

@article{azimov-spbu-hellings2,
  title={Querying for Paths in Graphs using Context-Free Path Queries},
  author={Hellings, Jelle},
  journal={arXiv preprint arXiv:1502.02242},
  year={2015}
}

@inproceedings{azimov-spbu-zhang,
  title={Context-free path queries on RDF graphs},
  author={Zhang, Xiaowang and Feng, Zhiyong and Wang, Xin and Rao, Guozheng and Wu, Wenrui},
  booktitle={International Semantic Web Conference},
  pages={632--648},
  year={2016},
  organization={Springer}
}

@article{azimov-spbu-conj,
  title={Conjunctive grammars},
  author={Okhotin, Alexander},
  journal={Journal of Automata, Languages and Combinatorics},
  volume={6},
  number={4},
  pages={519--535},
  year={2001}
}

@article{azimov-spbu-bool,
  title={Boolean grammars},
  author={Okhotin, Alexander},
  journal={Information and Computation},
  volume={194},
  number={1},
  pages={19--48},
  year={2004},
  publisher={Elsevier}
}

@article{azimov-spbu-barrett,
  title={Formal-language-constrained path problems},
  author={Barrett, Chris and Jacob, Riko and Marathe, Madhav},
  journal={SIAM Journal on Computing},
  volume={30},
  number={3},
  pages={809--837},
  year={2000},
  publisher={SIAM}
}
