@online{fake,
  author       = "FAKE",
  title        = "Документация",
  year         = 2015,
  url          = {http://fsharp.github.io/FAKE/gettingstarted.html},
  language     = "english"
}
@online{nuget,
  author       = "NuGet",
  title        = "Документация",
  year         = 2015,
  url          = {http://docs.nuget.org/},
  language     = "english"
}
@online{resharper,
  author       = "JetBrains ReSharper",
  title        = "Документация",
  year         = 2015,
  url          = {https://www.jetbrains.com/resharper/documentation/},
  language     = "english"
}
@online{yc,
  author       = "YaccConstructor",
  title        = "Сайт", 
  year         = 2015,
  url          = {http://yaccconstructor.github.io/YaccConstructor/index.html},
  language     = "english"
}