@inproceedings{DirOfBigGraphAnalysis,
  title={Research Directions for Big Data Graph Analytics},
  author={Miller, John A and Ramaswamy, Lakshmish and Kochut, Krys J and Fard, Arash},
  booktitle={2015 IEEE International Congress on Big Data},
  pages={785--794},
  year={2015},
  organization={IEEE}
}

@article{FLCpathProblem,
  title={Formal-language-constrained path problems},
  author={Barrett, Chris and Jacob, Riko and Marathe, Madhav},
  journal={SIAM Journal on Computing},
  volume={30},
  number={3},
  pages={809--837},
  year={2000},
  publisher={SIAM}
}

@article{scott2010gll,
  title={GLL parsing},
  author={Scott, Elizabeth and Johnstone, Adrian},
  journal={Electronic Notes in Theoretical Computer Science},
  volume={253},
  number={7},
  pages={177--189},
  year={2010},
  publisher={Elsevier}
}

@article{ConjCFPathQuery,
  title={Conjunctive context-free path queries},
  author={Hellings, Jelle},
  year={2014}
}

@article{GraphQueryWithEarley,
  title={Subgraph queries by context-free grammars},
  author={Sevon, Petteri and Eronen, Lauri},
  journal={Journal of Integrative Bioinformatics},
  volume={5},
  number={2},
  pages={100},
  year={2008}
}

@phdthesis{SPPF,
  title={Parser generation for interactive environments},
  author={Rekers, Joan Gerard},
  year={1992},
  school={Citeseer}
}

@inproceedings{FastPracticalGLL,
  title={Faster, Practical GLL Parsing},
  author={Afroozeh, Ali and Izmaylova, Anastasia},
  booktitle={International Conference on Compiler Construction},
  pages={89--108},
  year={2015},
  organization={Springer}
}

@article{FGLL,
  title={Structuring the GLL parsing algorithm for performance},
  author={Scott, Elizabeth and Johnstone, Adrian},
  journal={Science of Computer Programming},
  volume={125},
  pages={1--22},
  year={2016},
  publisher={Elsevier}
}

@inproceedings{relaxedRNGLR,
  title={Relaxed Parsing of Regular Approximations of String-Embedded Languages},
  author={Verbitskaia, Ekaterina and Grigorev, Semyon and Avdyukhin, Dmitry},
  booktitle={International Andrei Ershov Memorial Conference on Perspectives of System Informatics},
  pages={291--302},
  year={2015},
  organization={Springer International Publishing}
}

@article{gllParsingTree,
  title={GLL parse-tree generation},
  author={Scott, Elizabeth and Johnstone, Adrian},
  journal={Science of Computer Programming},
  volume={78},
  number={10},
  pages={1828--1844},
  year={2013},
  publisher={Elsevier}
}

@inproceedings{modellingGLL,
  title={Modelling GLL parser implementations},
  author={Johnstone, Adrian and Scott, Elizabeth},
  booktitle={International Conference on Software Language Engineering},
  pages={42--61},
  year={2010},
  organization={Springer Berlin Heidelberg}
}

@inproceedings{hofman2015separabilityForRegQueryDebugging,
  title={Separability by short subsequences and subwords},
  author={Hofman, Piotr and Martens, Wim},
  booktitle={LIPIcs-Leibniz International Proceedings in Informatics},
  volume={31},
  year={2015},
  organization={Schloss Dagstuhl-Leibniz-Zentrum fuer Informatik}
}

@article{okhotin2014parsingWithMatrixMultiplication,
  title={Parsing by matrix multiplication generalized to Boolean grammars},
  author={Okhotin, Alexander},
  journal={Theoretical Computer Science},
  volume={516},
  pages={101--120},
  year={2014},
  publisher={Elsevier}
}

@article{valiantParsingWithMatrixMultiplication,
  title={General context-free recognition in less than cubic time},
  author={Valiant, Leslie G},
  journal={Journal of computer and system sciences},
  volume={10},
  number={2},
  pages={308--315},
  year={1975},
  publisher={Elsevier}
}

@article{brnglr,
  title={BRNGLR: a cubic Tomita-style GLR parsing algorithm},
  author={Scott, Elizabeth and Johnstone, Adrian and Economopoulos, Rob},
  journal={Acta informatica},
  volume={44},
  number={6},
  pages={427--461},
  year={2007},
  publisher={Springer}
}

@article{rnglr,
  title={Right nulled GLR parsers},
  author={Scott, Elizabeth and Johnstone, Adrian},
  journal={ACM Transactions on Programming Languages and Systems (TOPLAS)},
  volume={28},
  number={4},
  pages={577--618},
  year={2006},
  publisher={ACM}
}

@inproceedings{Alvor1,
  title={An interactive tool for analyzing embedded SQL queries},
  author={Annamaa, Aivar and Breslav, Andrey and Kabanov, Jevgeni and Vene, Varmo},
  booktitle={Asian Symposium on Programming Languages and Systems},
  pages={131--138},
  year={2010},
  organization={Springer}
}

@inproceedings{Alvor2,
  title={Using abstract lexical analysis and parsing to detect errors in string-embedded dsl statements},
  author={Breslav, Andrey and Annamaa, Aivar and Vene, Varmo},
  booktitle={Proceedings of the 22nd Nordic Workshop on Programming Theory},
  year={2010},
  pages={20--22}
}

@inproceedings{Tomita,
 author = {Tomita, M.},
 title = {An Efficient Context-free Parsing Algorithm for Natural Languages},
 booktitle = {Proceedings of the 9th International Joint Conference on Artificial Intelligence - Volume 2},
 series = {IJCAI'85},
 year = {1985},
 isbn = {0-934613-02-8, 978-0-934-61302-6},
 location = {Los Angeles, California},
 pages = {756--764},
 numpages = {9},
 acmid = {1623625},
 publisher = {Morgan Kaufmann Publishers Inc.},
 address = {San Francisco, CA, USA},
} 

@book{FSharp,
  title={Expert F\# 3.0},
  author={Syme, Don and Granicz, Adam and Cisternino, Antonio},
  year={2012},
  publisher={Springer}
}

@article{TableGLL,
  title={Generalized table-based LL-parsing},
  author={Grigorev, Semyon Vyacheslavovich and Ragozina, Anastasiya Konstantinovna},
  journal={Sistemy i Sredstva Informatiki [Systems and Means of Informatics]},
  volume={25},
  number={1},
  pages={89--107},
  year={2015},
  publisher={Russian Academy of Sciences, Branch of Informatics, Computer Equipment and Automatization}
}

@article{LLnonLL,
  title={Two iteration theorems for the LL (k) languages},
  author={Beatty, John C},
  journal={Theoretical Computer Science},
  volume={12},
  number={2},
  pages={193--228},
  year={1980},
  publisher={Elsevier}
}

@inproceedings{QueryGraphWithData,
  title={Expressive Path Queries on Graphs with Data},
  author={Barcel{\'o}, Pablo and Fontaine, Gaelle and Lin, Anthony Widjaja},
  booktitle={International Conference on Logic for Programming Artificial Intelligence and Reasoning},
  pages={71--85},
  year={2013},
  organization={Springer}
}

@article{RegularDBQuery,
  title={Regular queries on graph databases},
  author={Reutter, Juan L and Romero, Miguel and Vardi, Moshe Y},
  journal={Theory of Computing Systems},
  pages={1--53},
  year={2015},
  publisher={Springer}
}

@article{CFGonRDF,
  title={Context-Free Path Queries on RDF Graphs},
  author={Zhang, Xiaowang and Feng, Zhiyong and Wang, Xin and Rao, Guozheng and Wu, Wenrui},
  journal={arXiv preprint arXiv:1506.00743},
  year={2015}
}

@misc{FndDB,
  title={Foundations of Databases, 1995},
  author={Abiteboul, Serge and Hull, Richard and Vianu, Victor},
  publisher={Addison-Wesley, Reading, MA}
}

@article{Hellings16,
  author    = {Jelle Hellings},
  title     = {Path Results for Context-free Grammar Queries on Graphs},
  journal   = {CoRR},
  volume    = {abs/1502.02242},
  year      = {2015},
  url       = {http://arxiv.org/abs/1502.02242},
  timestamp = {Mon, 02 Mar 2015 14:17:34 +0100},
  biburl    = {http://dblp.uni-trier.de/rec/bib/journals/corr/Hellings15},
  bibsource = {dblp computer science bibliography, http://dblp.org}
}

@book{Grune,
 author = {Grune, Dick and Jacobs, Ceriel J. H.},
 title = {Parsing Techniques (Monographs in Computer Science)},
 year = {2006},
 isbn = {038720248X},
 publisher = {Springer-Verlag New York, Inc.},
 address = {Secaucus, NJ, USA},
} 

@article{GrigorevR16,
  author    = {Semyon Grigorev and
               Anastasiya Ragozina},
  title     = {Context-Free Path Querying with Structural Representation of Result},
  journal   = {CoRR},
  volume    = {abs/1612.08872},
  year      = {2016},
  url       = {http://arxiv.org/abs/1612.08872},
  timestamp = {Mon, 02 Jan 2017 11:09:15 +0100},
  biburl    = {http://dblp.uni-trier.de/rec/bib/journals/corr/GrigorevR16},
  bibsource = {dblp computer science bibliography, http://dblp.org}
}