@online{yacconstructor,
  title        = "Project YaccConstructor",
  url          = {https://github.com/YaccConstructor/YaccConstructor},
  urldate      = "17.10.2017"
}
@online{prscaffold,
  title        = "ProjectScaffold",
  url          = {https:// fsprojects.github.io/ProjectScaffold},
  urldate      = "17.10.2017"
}
@online{websharper,
  title        = "WebSharper",
  url          = {https://websharper.com},
  urldate      = "17.10.2017"
}
@online{bootstrap,
  title        = "Bootstrap",
  url          = {https://getbootstrap.com},
  urldate      = "17.10.2017"
}
@online{dracula,
  title        = "Dracula.js ",
  url          = {https:// www.graphdracula.net},
  urldate      = "17.10.2017"
}