@MISC{brahma,
  title        = "Проект Brahma.FSharp [Электронный ресурс]",
  url          = {https://github.com/YaccConstructor/Brahma.FSharp},
  urldate      = "10.05.2017"
}
@MISC{opencl,
  title        = "Спецификация OpenCL 1.2 [Электронный ресурс]",
  url          = {https://www.khronos.org/registry/OpenCL/specs/opencl-1.2.pdf},
  urldate      = "10.05.2017"
}
@MISC{fscl,
  title        = "Проект FSCL [Электронный ресурс]",
  url          = {https://github.com/FSCL},
  urldate      = "10.05.2017"
}
@MISC{aleagpu,
  title        = "Сайт проекта AleaGPU [Электронный ресурс]",
  url          = {http://www.quantalea.com/},
  urldate      = "10.05.2017"
}


