
@book{EddyDurbin,
  title={Biological sequence analysis: probabilistic models of proteins and nucleic acids},
  author={Durbin, Richard and Eddy, Sean R and Krogh, Anders and Mitchison, Graeme},
  year={1998},
  publisher={Cambridge university press}
}

@article{Humidor,
  title={Humidor: Microbial Community Classification of the 16S Gene by Training CIGAR Strings with Convolutional Neural Networks},
  author={Sherman, Douglas},
  year={2017}
}

@inproceedings{ANN,
  title={Bacteria classification based on 16S ribosomal gene using artificial neural networks},
  author={Higashi, Susan and Hungria, Mariangela and Brunetto, MADC},
  booktitle={Proceedings of the 8th WSEAS International Conference on Computational intelligence, man-machine systems and cybernetics},
  pages={86--91},
  year={2009}
}

@article{GrammarsRNA,
  title={The language of RNA: a formal grammar that includes pseudoknots},
  author={Rivas, Elena and Eddy, Sean R},
  journal={Bioinformatics},
  volume={16},
  number={4},
  pages={334--340},
  year={2000},
  publisher={Oxford University Press}
}

@article{PCFG,
  title={RNA secondary structure prediction using stochastic context-free grammars and evolutionary history.},
  author={Knudsen, Bjarne and Hein, Jotun},
  journal={Bioinformatics (Oxford, England)},
  volume={15},
  number={6},
  pages={446--454},
  year={1999}
}

@article{meta,
  title={Reconstructing 16S rRNA genes in metagenomic data},
  author={Yuan, Cheng and Lei, Jikai and Cole, James and Sun, Yanni},
  journal={Bioinformatics},
  volume={31},
  number={12},
  pages={i35--i43},
  year={2015},
  publisher={Oxford University Press}
}

@article{LWPCFG,
  title={Evaluation of several lightweight stochastic context-free grammars for RNA secondary structure prediction},
  author={Dowell, Robin D and Eddy, Sean R},
  journal={BMC bioinformatics},
  volume={5},
  number={1},
  pages={71},
  year={2004},
  publisher={BioMed Central}
}

@article{SEKI1991191,
title = "On multiple context-free grammars",
journal = "Theoretical Computer Science",
volume = "88",
number = "2",
pages = "191 - 229",
year = "1991",
issn = "0304-3975",
doi = "https://doi.org/10.1016/0304-3975(91)90374-B",
url = "http://www.sciencedirect.com/science/article/pii/030439759190374B",
author = "Hiroyuki Seki and Takashi Matsumura and Mamoru Fujii and Tadao Kasami"
}

@article{OKHOTIN2014101,
title = "Parsing by matrix multiplication generalized to Boolean grammars",
journal = "Theoretical Computer Science",
volume = "516",
pages = "101 - 120",
year = "2014",
issn = "0304-3975",
doi = "https://doi.org/10.1016/j.tcs.2013.09.011",
url = "http://www.sciencedirect.com/science/article/pii/S0304397513006919",
author = "Alexander Okhotin",
keywords = "Boolean grammars, Conjunctive grammars, Context-free grammars, Matrix multiplication, Parsing"
}

@article{Valiant:1975:GCR:1739932.1740048,
 author = {Valiant, Leslie G.},
 title = {General Context-free Recognition in Less Than Cubic Time},
 journal = {J. Comput. Syst. Sci.},
 issue_date = {April, 1975},
 volume = {10},
 number = {2},
 month = apr,
 year = {1975},
 issn = {0022-0000},
 pages = {308--315},
 numpages = {8},
 url = {http://dx.doi.org/10.1016/S0022-0000(75)80046-8},
 doi = {10.1016/S0022-0000(75)80046-8},
 acmid = {1740048},
 publisher = {Academic Press, Inc.},
 address = {Orlando, FL, USA},
}

@inproceedings{Azimov:2018:CPQ:3210259.3210264,
 author = {Azimov, Rustam and Grigorev, Semyon},
 title = {Context-free Path Querying by Matrix Multiplication},
 booktitle = {Proceedings of the 1st ACM SIGMOD Joint International Workshop on Graph Data Management Experiences \& Systems (GRADES) and Network Data Analytics (NDA)},
 series = {GRADES-NDA '18},
 year = {2018},
 isbn = {978-1-4503-5695-4},
 location = {Houston, Texas},
 pages = {5:1--5:10},
 articleno = {5},
 numpages = {10},
 url = {http://doi.acm.org/10.1145/3210259.3210264},
 doi = {10.1145/3210259.3210264},
 acmid = {3210264},
 publisher = {ACM},
 address = {New York, NY, USA},
 keywords = {GPGPU, context-free grammar, context-free path querying, graph databases, matrix multiplication, transitive closure},
}

@Article{Infernal,
   Author="Nawrocki, E. P.  and Eddy, S. R. ",
   Title="{{I}nfernal 1.1: 100-fold faster {R}{N}{A} homology searches}",
   Journal="Bioinformatics",
   Year="2013",
   Volume="29",
   Number="22",
   Pages="2933--2935",
   Month="Nov"
}

@incollection{KanchanDevi2017,
  doi = {10.1007/978-3-319-64419-6_16},
  url = {https://doi.org/10.1007/978-3-319-64419-6_16},
  year  = {2017},
  publisher = {Springer International Publishing},
  pages = {119--127},
  author = {K. Kanchan Devi and S. Arumugam},
  title = {Probabilistic Conjunctive Grammar},
  booktitle = {Theoretical Computer Science and Discrete Mathematics}
}

@article{zier2013rna,
  title={RNA pseudoknot prediction through stochastic conjunctive grammars},
  author={Zier-Vogel, Ryan and Domaratzki, Michael},
  journal={Computability in Europe 2013. Informal Proceedings},
  pages={80--89},
  year={2013}
}

@article{Okhotin:2001:CG:543313.543323,
 author = {Okhotin, Alexander},
 title = {Conjunctive Grammars},
 journal = {J. Autom. Lang. Comb.},
 issue_date = {April 2001},
 volume = {6},
 number = {4},
 month = apr,
 year = {2001},
 issn = {1430-189X},
 pages = {519--535},
 numpages = {17},
 url = {http://dl.acm.org/citation.cfm?id=543313.543323},
 acmid = {543323},
 publisher = {Otto-von-Guericke-Universitat},
 address = {Magdeburg, Germany, Germany},
 keywords = {conjuctive grammar, context-free grammar, descriptional complexity, intersection, parsing},
}

@Article{pmid16820507,
   Author="DeSantis, T. Z.  and Hugenholtz, P.  and Larsen, N.  and Rojas, M.  and Brodie, E. L.  and Keller, K.  and Huber, T.  and Dalevi, D.  and Hu, P.  and Andersen, G. L. ",
   Title="{{G}reengenes, a chimera-checked 16{S} r{R}{N}{A} gene database and workbench compatible with {A}{R}{B}}",
   Journal="Appl. Environ. Microbiol.",
   Year="2006",
   Volume="72",
   Number="7",
   Pages="5069--5072",
   Month="Jul"
}

@Article{pmid19854944,
   Author="Geer, L. Y.  and Marchler-Bauer, A.  and Geer, R. C.  and Han, L.  and He, J.  and He, S.  and Liu, C.  and Shi, W.  and Bryant, S. H. ",
   Title="{{T}he {N}{C}{B}{I} {B}io{S}ystems database}",
   Journal="Nucleic Acids Res.",
   Year="2010",
   Volume="38",
   Number="Database issue",
   Pages="D492--496",
   Month="Jan"
}
