@article{Bio,
  title={Quantifying variances in comparative RNA secondary structure prediction},
  author={Anderson, James WJ and Nov{\'a}k, {\'A}d{\'a}m and S{\"u}k{\"o}sd, Zsuzsanna and Golden, Michael and Arunapuram, Preeti and Edvardsson, Ingolfur and Hein, Jotun},
  journal={BMC bioinformatics},
  volume={14},
  number={1},
  pages={149},
  year={2013},
  publisher={BioMed Central}
}

@article{graphDB,
 author = {Mendelzon, A. and  Wood, P.},
 title = {Finding Regular Simple Paths in Graph Databases},
 journal = {SIAM J. Computing},
 volume = {24},
 number = {6},
 year = {1995},
 pages = {1235--1258},
 numpages = {24}
}

@inproceedings{RDF,
  author={Zhang, X. and Feng, Z. and Wang, X. and Rao, G. and Wu, W.},
  title={Context-free path queries on RDF graphs},
  booktitle={International Semantic Web Conference},
  pages={632--648},
  year={2016},
  organization={Springer}
}

@article{hellingsRelational,
  title={Conjunctive context-free path queries},
  author={Hellings, J.},
  year={2014}
}

@article{hellingsPathQuerying,
  title={Querying for Paths in Graphs using Context-Free Path Queries},
  author={Hellings, Jelle},
  journal={arXiv preprint arXiv:1502.02242},
  year={2015}
}

@article{GLL,
  title={Context-Free Path Querying with Structural Representation of Result},
  author={Grigorev, Semyon and Ragozina, Anastasiya},
  journal={arXiv preprint arXiv:1612.08872},
  year={2016}
}

@article{chomsky,
  title={On certain formal properties of grammars},
  author={Chomsky, Noam},
  journal={Information and control},
  volume={2},
  number={2},
  pages={137--167},
  year={1959},
  publisher={Elsevier}
}

@article{matricesOnGPGPU,
  title={Programming GPGPU Graph Applications with Linear Algebra Building Blocks},
  author={Che, Shuai and Beckmann, Bradford M and Reinhardt, Steven K},
  journal={International Journal of Parallel Programming},
  pages={1--23},
  year={2016},
  publisher={Springer}
}

@inproceedings{transitive-closure,
  title={Graph-theoretic methods in database theory},
  author={Yannakakis, Mihalis},
  booktitle={Proceedings of the ninth ACM SIGACT-SIGMOD-SIGART symposium on Principles of database systems},
  pages={230--242},
  year={1990},
  organization={ACM}
}

@article{valiant,
  title={General context-free recognition in less than cubic time},
  author={Valiant, Leslie G},
  journal={Journal of computer and system sciences},
  volume={10},
  number={2},
  pages={308--315},
  year={1975},
  publisher={Elsevier}
}

@techreport{kasami,
  title={AN EFFICIENT RECOGNITION AND SYNTAXANALYSIS ALGORITHM FOR CONTEXT-FREE LANGUAGES.},
  author={Kasami, Tadao},
  year={1965},
  institution={DTIC Document}
}

@article{younger,
  title={Recognition and parsing of context-free languages in time n3},
  author={Younger, Daniel H},
  journal={Information and control},
  volume={10},
  number={2},
  pages={189--208},
  year={1967},
  publisher={Elsevier}
}

@book{fsharp,
  title={Expert F\# 3.0},
  author={Syme, Don and Granicz, Adam and Cisternino, Antonio},
  year={2012},
  publisher={Springer}
}

@article{okhotin_cyk,
  title={Parsing by matrix multiplication generalized to Boolean grammars},
  author={Okhotin, Alexander},
  journal={Theoretical Computer Science},
  volume={516},
  pages={101--120},
  year={2014},
  publisher={Elsevier}
}

@misc{FndDB,
  title={Foundations of Databases, 1995},
  author={Abiteboul, Serge and Hull, Richard and Vianu, Victor},
  publisher={Addison-Wesley, Reading, MA}
}

@article{okhotinBoolean,
  title={Boolean grammars},
  author={Okhotin, Alexander},
  journal={Information and Computation},
  volume={194},
  number={1},
  pages={19--48},
  year={2004},
  publisher={Elsevier}
}

@article{okhotinConjAndBool,
	title={Conjunctive and Boolean grammars: the true general case of the context-free grammars},
	author={Okhotin, Alexander},
	journal={Computer Science Review},
	volume={9},
	pages={27--59},
	year={2013},
	publisher={Elsevier}
}
