@article{1, 
    author = {Wang, Y. and Qian, P.-Y.}, 
    title = {Conservative Fragments in Bacterial 16S rRNA Genes and Primer Design for 16S Ribosomal DNA Amplicons in Metagenomic Studies}, 
    journal = {PLOS ONE}, 
    year = {2009}
}
@article{2, 
    author = {Chaudhary, N. and Sharma, A.K. and Agarwal, P. and Gupta, A. and Sharma, V.K.}, 
    title = {16S Classifier: A Tool for Fast and Accurate Taxonomic Classification of 16S rRNA Hypervariable Regions in Metagenomic Datasets}, 
    journal = {PLOS ONE}, 
    year = {2015} 
}
@article{3, 
    author = {Pereira, F. and Carneiro, J. and Matthiesen, R. and Asch, B. and Pinto, N. and Gusmão, L. and Amorim, A.}, 
    title = {Identification of species by multiplex analysis of variable-length sequences}, 
    journal = {Nucleic Acids Research}, 
    year = {2010} 
}
@article{4, 
    author = {Řeháková1, K. and Johansen, J.R. and Bowen, M.B. and Martin, M.P. and Sheil, C.A.}, 
    title = {Variation in secondary structure of the 16S rRNA molecule in cyanobacteria
    with implications for phylogenetic analysis}, 
    journal = {Fottea, Olomouc}, 
    year = {2014} 
}
@online{5,
  title        = "SILVA [Электронный ресурс]",
  url          = {https://www.arb-silva.de/},
  urldate      = "16.05.2018"
}
@article{10, 
    author = {SükösdEbbe, Z.S. and Lyngsø A.}, 
    title = {SCFGs in RNA Secondary Structure Prediction: A Hands-on Approach}, 
    journal = {RNA Sequence, Structure, and Function: Computational and Bioinformatic Methods}, 
    year = {2013} 
}
@article{11, 
    author = {Rivas, E and Eddy, S.R.}, 
    title = {The language of RNA: a formal grammar that includes pseudoknots}, 
    journal = {Bioinformatics}, 
    year = {2000} 
}
@online{6,
  title        = "BLAST [Электронный ресурс]",
  url          = {https://blast.ncbi.nlm.nih.gov/Blast.cgi},
  urldate      = "16.05.2018"
}

@online{7,
  title        = "Eddy/Rivas Laboratory [Электронный ресурс]",
  url          = {http://eddylab.org/},
  urldate      = "16.05.2018"
}
@online{8,
  title        = "HMMER [Электронный ресурс]",
  url          = {http://hmmer.org/},
  urldate      = "09.01.2018"
}
@online{9,
  title        = "Infernal [Электронный ресурс]",
  url          = {http://eddylab.org/infernal/},
  urldate      = "16.05.2018"
}
@article{12, 
author = {Miladi, M. and Junge, A. and Costa, F. and Seemann, S.E. and Hull, J. and Gorodkin, H.J. and Backofen, R.}, 
title = {RNAscClust : clustering RNA sequences using structure conservation and graph based motifs}, 
journal = {Bioinformatics}, 
year = {2017}, 
}
@article{13,
    author = {Durbin, R. and Eddy, S.R. and Krogh, A. and Mitchison, G.},
    title= {Biological Sequence Analysis: Probabilistic Models of Proteins and Nucleic Acids}
}

@online{14,
  title        = "The Greengenes Database [Электронный ресурс]",
  url          = {http://greengenes.secondgenome.com/},
  urldate      = "16.05.2018"
}

@online{15,
  title        = "YaccConstructor [Электронный ресурс]",
  url          = {https://github.com/YaccConstructor/YaccConstructor},
  urldate      = "16.05.2018"
}

@online{16,
  title        = "Keras [Электронный ресурс]",
  url          = {https://keras.io/},
  urldate      = "16.05.2018"
}

@article{17, 
    author = {Sherman, D.}, 
    title = {Humidor: Microbial Community Classification of the 16S Gene by Training CIGAR Strings with Convolutional Neural Networks}, 
    year = {2017} 
}

@article{18, 
author = {Valiant, L.G.}, 
title = {General context-free recognition in less than cubic time}, 
journal = {Journal of Computer and System Sciences}, 
year = {1975}
}
