@online{Cypher,
	author			= "Neo4j",
	title			= "Cypher",
	howpublished	 	= "Neo4j official page ",
	url				= {https://neo4j.com/developer/cypher/},
	urldate			= "22.11.2016",
	language			= "english"
}
@online{YARD,
  author       = "YaccConstructor",
  title        = "YARD",
  howpublished = "YaccConstructor official page ",
  year         = 2015,
  url          = {http://yaccconstructor.github.io/YaccConstructor/yard.html},
  urldate      = "22.11.2016",
  language     = "english"
}
@online{Gremlin,
	author		= "Titan",
	title		= "Gremlin",
	howpublished= "Titan official page",
	url			= {https://github.com/tinkerpop/gremlin/wiki},
	urldate		= "29.11.2016",
	language	= "english"
}
@online{YC.QuickGraph,
  author       = "YaccConstructor",
  title        = "YC.QuickGraph",
  howpublished = "YaccConstructor official page ",
  url          = {http://yaccconstructor.github.io/QuickGraph/},
  urldate      = "22.11.2016",
  language     = "english"
}
@article{sevon2008subgraph,
  title={Subgraph queries by context-free grammars},
  author={Sevon, Petteri and Eronen, Lauri},
  journal={Journal of Integrative Bioinformatics},
  volume={5},
  number={2},
  pages={100},
  year={2008}
}
@article{hellings2014conjunctive,
  title={Conjunctive context-free path queries},
  author={Hellings, Jelle},
  year={2014}
}
@online{YaccConstructorPage,
  author       = "YaccConstructor",
  title        = "YaccConstructor",
  howpublished = "YaccConstructor official page ",
  url          = {http://yaccconstructor.github.io},
  urldate      = "29.11.2016",
  language     = "english"
}
@article{ragRelaxedParsing,
  title={Ослабленный синтаксический анализ динамически формируемых программ на основе алгоритма GLL},
  author={Рагозина, Анастасия Константиновна and Шкредов, СД},
  year={2016}
}
@article{gll,
  title={GLL parsing},
  author={Scott, Elizabeth and Johnstone, Adrian},
  journal={Electronic Notes in Theoretical Computer Science},
  volume={253},
  number={7},
  pages={177--189},
  year={2010},
  publisher={Elsevier}
}
@online{graphsharp,
  title	={Graph Sharp},
  author	={NDepend},
  howpublished={CodePlex},
  url ={http://graphsharp.codeplex.com/},
  urldate ={06.12.2016},
  language="english"
}
@online{agl,
  title={AGL},
  author={Microsoft},
  howpublished={Microsoft Research Site},
  url={http://rise4fun.com/Agl},
  urldate={06.12.2016},
  language="english"
}
@online{quickgraph,
  title="QuickGraph",
  author="Jonathan Peli de Halleux",
  howpublished="CodePlex",
  url={http://quickgraph.codeplex.com/},
  urldate="06.12.2016",
  language="english"
}
@online{funcdes1,
    title="Library patterns",
    author="Tomas Petricek",
    howpublished="tomasp.net",
    url={http://tomasp.net/blog/2015/library-frameworks/},
    urldate="18.12.2016",
    language="english"
}
@online{funcdes2,
    title="F\# Component Design Guidelines",
    author="Fsharp.org",
    howpublished="Fsharp.org",
    url={http://fsharp.org/specs/component-design-guidelines/fsharp-design-guidelines-v14.pdf},
    urldate="18.12.2016"m
    language="english"
}
@inproceedings{hale2001probabilistic,
  title={A probabilistic Earley parser as a psycholinguistic model},
  author={Hale, John},
  booktitle={Proceedings of the second meeting of the North American Chapter of the Association for Computational Linguistics on Language technologies},
  pages={1--8},
  year={2001},
  organization={Association for Computational Linguistics}
}
@phdthesis{SPPF,
  title={Parser generation for interactive environments},
  author={Rekers, Joan Gerard},
  year={1992},
  school={Citeseer}
}
@article{gsv_phd,
  title={Cинтаксический анализ динамически формируемых программ},
  author={Григорьев, Семён Вячеславович}
}