@inproceedings{DirOfBigGraphAnalysis,
  title={Research Directions for Big Data Graph Analytics},
  author={Miller, John A and Ramaswamy, Lakshmish and Kochut, Krys J and Fard, Arash},
  booktitle={2015 IEEE International Congress on Big Data},
  pages={785--794},
  year={2015},
  organization={IEEE}
}

@article{FLCpathProblem,
  title={Formal-language-constrained path problems},
  author={Barrett, Chris and Jacob, Riko and Marathe, Madhav},
  journal={SIAM Journal on Computing},
  volume={30},
  number={3},
  pages={809--837},
  year={2000},
  publisher={SIAM}
}

@article{scott2010gll,
  title={GLL parsing},
  author={Scott, Elizabeth and Johnstone, Adrian},
  journal={Electronic Notes in Theoretical Computer Science},
  volume={253},
  number={7},
  pages={177--189},
  year={2010},
  publisher={Elsevier}
}

@article{ConjCFPathQuery,
  title={Conjunctive context-free path queries},
  author={Hellings, Jelle},
  year={2014}
}

@article{GraphQueryWithEarley,
  title={Subgraph queries by context-free grammars},
  author={Sevon, Petteri and Eronen, Lauri},
  journal={Journal of Integrative Bioinformatics},
  volume={5},
  number={2},
  pages={100},
  year={2008}
}

@phdthesis{SPPF,
  title={Parser generation for interactive environments},
  author={Rekers, Joan Gerard},
  year={1992},
  school={Citeseer}
}