@article{DBLP:journals/corr/abs-1907-02894,
  author    = {Putt Sakdhnagool and
               Amit Sabne and
               Rudolf Eigenmann},
  title     = {RegDem: Increasing {GPU} Performance via Shared Memory Register Spilling},
  journal   = {CoRR},
  volume    = {abs/1907.02894},
  year      = {2019},
  url       = {http://arxiv.org/abs/1907.02894},
  archivePrefix = {arXiv},
  eprint    = {1907.02894},
  timestamp = {Mon, 08 Jul 2019 14:12:33 +0200},
  biburl    = {https://dblp.org/rec/bib/journals/corr/abs-1907-02894},
  bibsource = {dblp computer science bibliography, https://dblp.org}
}

@book{Jones:1993:PEA:153676,
 author = {Jones, Neil D. and Gomard, Carsten K. and Sestoft, Peter},
 title = {Partial Evaluation and Automatic Program Generation},
 year = {1993},
 isbn = {0-13-020249-5},
 publisher = {Prentice-Hall, Inc.},
 address = {Upper Saddle River, NJ, USA},
}

@article{LeiBa,
 author = {Leissa, Roland and Boesche, Klaas and Hack, Sebastian and P{\'e}rard-Gayot, Ars\`{e}ne and Membarth, Richard and Slusallek, Philipp and M\"{u}ller, Andr{\'e} and Schmidt, Bertil},
 title = {AnyDSL: A Partial Evaluation Framework for Programming High-performance Libraries},
 journal = {Proc. ACM Program. Lang.},
 issue_date = {November 2018},
 volume = {2},
 number = {OOPSLA},
 month = oct,
 year = {2018},
 issn = {2475-1421},
 pages = {119:1--119:30},
 articleno = {119},
 numpages = {30},
 url = {http://doi.acm.org/10.1145/3276489},
 doi = {10.1145/3276489},
 acmid = {3276489},
 publisher = {ACM},
 address = {New York, NY, USA},
}

@Misc{fSign,
howpublished = {\url{https://www.garykessler.net/library/file_sigs.html}},
note = {Accessed February 4, 2020},
title = {GCK's File Signatures Table},
author = {Kessler, Gary C}
}
