@inproceedings{Azimov,
 author = {Azimov, Rustam and Grigorev, Semyon},
 title = {Context-free Path Querying by Matrix Multiplication},
 booktitle = {Proceedings of the 1st ACM SIGMOD Joint International Workshop on Graph Data Management Experiences \& Systems (GRADES) and Network Data Analytics (NDA)},
 series = {GRADES-NDA '18},
 year = {2018},
 isbn = {978-1-4503-5695-4},
 location = {Houston, Texas},
 pages = {5:1--5:10},
 articleno = {5},
 numpages = {10},
 url = {http://doi.acm.org/10.1145/3210259.3210264},
 doi = {10.1145/3210259.3210264},
 acmid = {3210264},
 publisher = {ACM},
 address = {New York, NY, USA},
 keywords = {GPGPU, context-free grammar, context-free path querying, graph databases, matrix multiplication, transitive closure},
} 

@INPROCEEDINGS{8249039,
author={P. G. {Bradford}},
booktitle={2017 IEEE 8th Annual Ubiquitous Computing, Electronics and Mobile Communication Conference (UEMCON)},
title={Efficient exact paths for dyck and semi-dyck labeled path reachability (extended abstract)},
year={2017},
volume={},
number={},
pages={247-253},
keywords={computational complexity;directed graphs;formal languages;graph theory;matrix multiplication;reachability analysis;efficient exact paths;weighted digraph;exact path length problem;exact path problem;original edge weights;path solutions;labeled digraph;semiDyck languages;Dyck languages;labeled path problems;Grammar;Heuristic algorithms;Jacobian matrices;Costing;Algorithm design and analysis;Shortest path problem},
doi={10.1109/UEMCON.2017.8249039},
ISSN={},
month={Oct},}

@article{10.1145/1328897.1328460,
author = {Chaudhuri, Swarat},
title = {Subcubic Algorithms for Recursive State Machines},
year = {2008},
issue_date = {January 2008},
publisher = {Association for Computing Machinery},
address = {New York, NY, USA},
volume = {43},
number = {1},
issn = {0362-1340},
url = {https://doi.org/10.1145/1328897.1328460},
doi = {10.1145/1328897.1328460},
journal = {SIGPLAN Not.},
month = jan,
pages = {159â€“169},
numpages = {11},
keywords = {cubic bottleneck, transitive closure, interprocedural analysis, context-free languages, recursive state machines, CFL-reachability, pushdown systems}
}


@inproceedings{10.1145/1328438.1328460,
author = {Chaudhuri, Swarat},
title = {Subcubic Algorithms for Recursive State Machines},
year = {2008},
isbn = {9781595936899},
publisher = {Association for Computing Machinery},
address = {New York, NY, USA},
url = {https://doi.org/10.1145/1328438.1328460},
doi = {10.1145/1328438.1328460},
booktitle = {Proceedings of the 35th Annual ACM SIGPLAN-SIGACT Symposium on Principles of Programming Languages},
pages = {159-169},
numpages = {11},
keywords = {cubic bottleneck, interprocedural analysis, pushdown systems, recursive state machines, transitive closure, CFL-reachability, context-free languages},
location = {San Francisco, California, USA},
series = {POPL '08}
}




@article{10.1145/2714064.2660213,
author = {Zhang, Qirun and Xiao, Xiao and Zhang, Charles and Yuan, Hao and Su, Zhendong},
title = {Efficient Subcubic Alias Analysis for C},
year = {2014},
issue_date = {December 2014},
publisher = {Association for Computing Machinery},
address = {New York, NY, USA},
volume = {49},
number = {10},
issn = {0362-1340},
url = {https://doi.org/10.1145/2714064.2660213},
doi = {10.1145/2714064.2660213},
journal = {SIGPLAN Not.},
month = oct,
pages = {829--845},
numpages = {17},
keywords = {cfl-reachability, alias analysis}
}

@article{Valiant:1975:GCR:1739932.1740048,
 author = {Valiant, Leslie G.},
 title = {General Context-free Recognition in Less Than Cubic Time},
 journal = {J. Comput. Syst. Sci.},
 issue_date = {April, 1975},
 volume = {10},
 number = {2},
 month = apr,
 year = {1975},
 issn = {0022-0000},
 pages = {308--315},
 numpages = {8},
 url = {http://dx.doi.org/10.1016/S0022-0000(75)80046-8},
 doi = {10.1016/S0022-0000(75)80046-8},
 acmid = {1740048},
 publisher = {Academic Press, Inc.},
 address = {Orlando, FL, USA},
}

@article{Lee:2002:FCG:505241.505242,
 author = {Lee, Lillian},
 title = {Fast Context-free Grammar Parsing Requires Fast Boolean Matrix Multiplication},
 journal = {J. ACM},
 issue_date = {January 2002},
 volume = {49},
 number = {1},
 month = jan,
 year = {2002},
 issn = {0004-5411},
 pages = {1--15},
 numpages = {15},
 url = {http://doi.acm.org/10.1145/505241.505242},
 doi = {10.1145/505241.505242},
 acmid = {505242},
 publisher = {ACM},
 address = {New York, NY, USA},
 keywords = {Boolean matrix multiplication, context-free grammar parsing},
}

@inproceedings{Yannakakis,
  title={Graph-theoretic methods in database theory},
  author={Yannakakis, Mihalis},
  booktitle={Proceedings of the ninth ACM SIGACT-SIGMOD-SIGART symposium on Principles of database systems},
  pages={230--242},
  year={1990},
  organization={ACM}
}

@article{doi:10.1137/17M112720X,
author = {Bringmann, Karl and Grandoni, Fabrizio and Saha, Barna and Williams, Virginia Vassilevska},
title = {Truly Subcubic Algorithms for Language Edit Distance and RNA Folding via Fast Bounded-Difference Min-Plus Product},
journal = {SIAM Journal on Computing},
volume = {48},
number = {2},
pages = {481-512},
year = {2019},
doi = {10.1137/17M112720X},
URL = { https://doi.org/10.1137/17M112720X},
eprint = { https://doi.org/10.1137/17M112720X}
}

@article{10.1145/3158118,
author = {Chatterjee, Krishnendu and Choudhary, Bhavya and Pavlogiannis, Andreas},
title = {Optimal Dyck Reachability for Data-Dependence and Alias Analysis},
year = {2017},
issue_date = {January 2018},
publisher = {Association for Computing Machinery},
address = {New York, NY, USA},
volume = {2},
number = {POPL},
url = {https://doi.org/10.1145/3158118},
doi = {10.1145/3158118},
journal = {Proc. ACM Program. Lang.},
month = dec,
articleno = {Article 30},
numpages = {30},
keywords = {Dyck reachability, Bidirected graphs, Data-dependence analysis, treewidth, CFL reachability}
}

