@inproceedings{JSA,
    author  =   "Aske Simon Christensen and Anders M{\o}ller and Michael I.Schwartzbach",
    title   =   "Precise Analysis of String Expressions",
    booktitle =   "Proceedings of the 10th International Conference on Static Analysis",
    month = jun,
    year = "2003",
    pages   =   "1--18",
    address = "Berlin, Heidelberg",
    publisher = "Springer-Verlag"
}

@inproceedings{PHPSA,
    author  =   "Yasuhiko Minamide",
    title   =   "Static Approximation of Dynamically Generated Web Pages",
    booktitle = "Proceedings of the 14th International Conference on World Wide Web",
    year = "2005",
    pages   =   "432--441",
    publisher = "ACM",
    address = "New York, NY, USA"
}

@inproceedings{Pixy,
    author  =   "Nenad Jovanovic and Christopher Kruegel and Engin Kirda",
    title   =  "Pixy: A Static Analysis Tool for Detecting Web Application Vulnerabilities",
    booktitle = "Security and Privacy, 2006 IEEE Symposium on",
    year = "2006",
    pages   =   "263--269",
    publisher = "IEEE",
    address = "Berkeley/Oakland, CA"
}

@inproceedings{Stranger,
    author  =   "Fang Yu and Muath Alkhalaf and Tevfik Bultan",
    title   =  "Stranger: An Automata-Based String Analysis Tool for PHP",
    booktitle = "Tools and Algorithms for the Construction and Analysis of Systems",
    year = "2010",
    pages   =   "154--157",
    publisher = "Springer Berlin Heidelberg"
}

@inproceedings{AlgoFangYu,
    author  =   "Fang Yu and Muath Alkhalaf and Tevfik Bultan and Oscar H Ibarra",
    title   =   "Automata-based symbolic string analysis for vulnerability detection",
    booktitle = "Formal Methods in System Design",
    year = "2014",
    pages   =   "44--70",
    publisher = "Springer US"
}

@inproceedings{StaticFrame,
    author  =   "Arjun Dasgupta and Vivek Narasayya and Manoj Syamala",
    title   =   "A Static Analysis Framework for Database Applications ",
    booktitle = "Computer Software and Applications Conference",
    year = "2007",
    pages   =   "87--96",
    publisher = "IEEE"
}

@inproceedings{SAFELI,
    author  =   "Xiang Fu and Kai Qian",
    title   =   "SAFELI: SQL Injection Scanner Using Symbolic Execution ",
    booktitle = "Proceedings of the 2008 Workshop on Testing, Analysis, and Verification of Web Services and Applications",
    year = "2008",
    pages   =   "34--39",
    publisher = "ACM",
    address = "New York, NY, USA"
}

@inproceedings{Alvor,
    author  =   "Aivar Annamaa and Andrey Breslav and Jevgeni Kabanov and Varmo Vene",
    title   =   "An Interactive Tool for Analyzing Embedded SQL Queries",
    booktitle = "Programming Languages and Systems",
    year = "2010",
    pages   =   "131--138",
    publisher = "Springer Berlin Heidelberg"
}

@article{YC_article,
author  =   "Iakov Kirilenko and Semen Grigorev and Dmitriy Avdiukhin",
title   =   "Syntax analyzers development in automated reengineering of informational system",
journal =   "St. Petersburg State Polytechnical University Journal. Computer Science. Telecommunications and Control Systems",
year    =   2013,
number  =   "174",
pages   =   "94 -- 98"
}

@inproceedings{YC_SECR,
    author  =   "Semen Grigorev and Ekaterina Verbitskaia and Andrei Ivanov and Marina Polubelova  and  Ekaterina Mavchun",
    title   =   "String-embedded Language Support in Integrated Development Environment",
    booktitle = "Proceedings of the 10th Central and Eastern European Software Engineering Conference in Russia",
    year = "2014",
    pages   =   "21:1--21:11",
    publisher = "ACM"
}

@electronic{FsLex,
    title        = "Сайт проекта FsLex",
    url          = "http://fsprojects.github.io/FsLexYacc/"
}

@electronic{YCrepo,
    title        = "Репозиторий проекта YaccConstructor",
    url          = "https://github.com/YaccConstructor/YaccConstructor"
}

@inproceedings{AlgoFSA,
    author  =   "Pieter Hooimeijer and Margus Veanes",
    title   =   "An Evaluation of Automata Algorithms for String Analysis",
    booktitle = "Proceedings of the 12th International Conference on Verification, Model Checking, and Abstract Interpretation",
    year = "2011",
    pages = "248--262",
    publisher = "Springer-Verlag"
}

@electronic{FST,
  author = "Thomas Hanneforth",
  title = "Finite-state Machines: Theory and Applications Unweighted Finite-state Automata",
  howpublished  = "Lecture Notes",
  url = "http://tagh.de/tom/wp-content/uploads/fsm\_unweigtedautomata.pdf"
}