@article{subgraph,
  title={Subgraph queries by context-free grammars},
  author={Sevon, Petteri and Eronen, Lauri},
  journal={Journal of Integrative Bioinformatics},
  volume={5},
  number={2},
  pages={100},
  year={2008}
}

@online{YaccConstructorPage,
  author       = "YaccConstructor",
  title        = "YaccConstructor",
  howpublished = "YaccConstructor official page ",
  url          = {http://yaccconstructor.github.io},
  language     = "english"
}

@article{gll,
  title={GLL parsing},
  author={Scott, Elizabeth and Johnstone, Adrian},
  journal={Electronic Notes in Theoretical Computer Science},
  volume={253},
  number={7},
  pages={177--189},
  year={2010},
  publisher={Elsevier}
}

@article{Early,
  title={An Efficient Context-Free Parsing
Algorithm},
  author={Jay Earley},
  journal={Communications of the ACM},
  volume={13},
  number={2},
  pages={94--102},
  year={1970},
}

@article{CYK,
  title={Recognition and parsing of context-free languages in time $n^3$},
  author={Daniel H. Younger},
  journal={Information and Control},
  volume={10},
  pages={189--208},
  year={1967},
}

@article{glr,
  title={LR parsers for natural languages},
  author={Daniel H. Younger},
  journal={10th International Conference on Computational Linguistics.},
  volume={10},
  pages={354--357},
  year={1984},
}

@article{conjCF,
  title={Поддержка конъюнктивных грамматик в GLL},
  author={Горохов Артем},
}

@phdthesis{SPPF,
  title={Parser generation for interactive environments},
  author={Rekers, Joan Gerard},
  year={1992},
  school={Citeseer}
}