@inproceedings{azimov2018context,
  title={Context-free path querying by matrix multiplication},
  author={Azimov, Rustam and Grigorev, Semyon},
  booktitle={Proceedings of the 1st ACM SIGMOD Joint International Workshop on Graph Data Management Experiences \& Systems (GRADES) and Network Data Analytics (NDA)},
  pages={5},
  year={2018},
  organization={ACM}
}

@article{sato2017linear,
  title={A linear algebraic approach to Datalog evaluation},
  author={Sato, Taisuke},
  journal={Theory and Practice of Logic Programming},
  volume={17},
  number={3},
  pages={244--265},
  year={2017},
  publisher={Cambridge University Press}
}

@phdthesis{aspis2018linear,
  title={A Linear Algebraic Approach to Logic Programming},
  author={Aspis, Yaniv},
  year={2018},
  school={Imperial College London}
}

@article{hellings2015querying,
  title={Querying for paths in graphs using context-free path queries},
  author={Hellings, Jelle},
  journal={arXiv preprint arXiv:1502.02242},
  year={2015}
}

@inproceedings{mishin2019evaluation,
 author = {Mishin, Nikita and Sokolov, Iaroslav and Spirin, Egor and Kutuev, Vladimir and Nemchinov, Egor and Gorbatyuk, Sergey and Grigorev, Semyon},
 title = {Evaluation of the Context-Free Path Querying Algorithm Based on Matrix Multiplication},
 booktitle = {Proceedings of the 2Nd Joint International Workshop on Graph Data Management Experiences \& Systems (GRADES) and Network Data Analytics (NDA)},
 series = {GRADES-NDA'19},
 year = {2019},
 isbn = {978-1-4503-6789-9},
 location = {Amsterdam, Netherlands},
 pages = {12:1--12:5},
 articleno = {12},
 numpages = {5},
 url = {http://doi.acm.org/10.1145/3327964.3328503},
 doi = {10.1145/3327964.3328503},
 acmid = {3328503},
 publisher = {ACM},
 address = {New York, NY, USA},
 keywords = {CUDA, Context-free path querying, GPGPU, boolean matrix, context-free grammar, graph databases, matrix multiplication, transitive closure},
} 


@inproceedings{grigorev2017context,
  title={Context-free path querying with structural representation of result},
  author={Grigorev, Semyon and Ragozina, Anastasiya},
  booktitle={Proceedings of the 13th Central \& Eastern European Software Engineering Conference in Russia},
  pages={10},
  year={2017},
  organization={ACM}
}

@article{Bio,
  title={Quantifying variances in comparative RNA secondary structure prediction},
  author={Anderson, James WJ and Nov{\'a}k, {\'A}d{\'a}m and S{\"u}k{\"o}sd, Zsuzsanna and Golden, Michael and Arunapuram, Preeti and Edvardsson, Ingolfur and Hein, Jotun},
  journal={BMC bioinformatics},
  volume={14},
  number={1},
  pages={149},
  year={2013},
  publisher={BioMed Central}
}

@article{graphDB,
 author = {Mendelzon, A. and  Wood, P.},
 title = {Finding Regular Simple Paths in Graph Databases},
 journal = {SIAM J. Computing},
 volume = {24},
 number = {6},
 year = {1995},
 pages = {1235--1258},
 numpages = {24}
}

@inproceedings{zhang2017context,
  title={Context-sensitive data-dependence analysis via linear conjunctive language reachability},
  author={Zhang, Qirun and Su, Zhendong},
  booktitle={Proceedings of the 44th ACM SIGPLAN Symposium on Principles of Programming Languages},
  pages={344--358},
  year={2017},
  organization={ACM}
}
@inproceedings{zhang2013fast,
    title={Fast algorithms for Dyck-CFL-reachability with applications to alias analysis},
    author={Zhang, Qirun and Lyu, Michael R and Yuan, Hao and Su, Zhendong},
    booktitle={ACM SIGPLAN Notices},
    volume={48},
    number={6},
    pages={435--446},
    year={2013},
    organization={ACM}
}
@article{knoll2004jacobian,
  title={Jacobian-free Newton--Krylov methods: a survey of approaches and applications},
  author={Knoll, Dana A and Keyes, David E},
  journal={Journal of Computational Physics},
  volume={193},
  number={2},
  pages={357--397},
  year={2004},
  publisher={Elsevier}
}
@inproceedings{hellings2014conjunctive,
  title={Conjunctive context-free path queries},
  author={Hellings, Jelle},
  year={2014}
}
@article{sevon2008subgraph,
  title={Subgraph queries by context-free grammars},
  author={Sevon, Petteri and Eronen, Lauri},
  journal={Journal of Integrative Bioinformatics},
  volume={5},
  number={2},
  pages={157--172},
  year={2008},
  publisher={De Gruyter}
}
@book{hoffman2001numerical,
  title={Numerical methods for engineers and scientists},
  author={Hoffman, Joe D and Frankel, Steven},
  year={2001},
  publisher={CRC press}
}
@inproceedings{yannakakis1990graph,
  title={Graph-theoretic methods in database theory},
  author={Yannakakis, Mihalis},
  booktitle={Proceedings of the ninth ACM SIGACT-SIGMOD-SIGART symposium on Principles of database systems},
  pages={230--242},
  year={1990},
  organization={ACM}
}
@book{dennis1996numerical,
  title={Numerical methods for unconstrained optimization and nonlinear equations},
  author={Dennis Jr, John E and Schnabel, Robert B},
  volume={16},
  year={1996},
  publisher={Siam}
}