@article{scott2010gll,
  title={GLL parsing},
  author={Scott, Elizabeth and Johnstone, Adrian},
  journal={Electronic Notes in Theoretical Computer Science},
  volume={253},
  number={7},
  pages={177--189},
  year={2010},
  publisher={Elsevier}
}