@article{CFLr,
 author = {Rehof, Jakob and F\"{a}hndrich, Manuel},
 title = {Type-base Flow Analysis: From Polymorphic Subtyping to CFL-reachability},
 journal = {SIGPLAN Not.},
 issue_date = {March 2001},
 volume = {36},
 number = {3},
 month = jan,
 year = {2001},
 issn = {0362-1340},
 pages = {54--66},
 numpages = {13},
 url = {http://doi.acm.org/10.1145/373243.360208},
 doi = {10.1145/373243.360208},
 acmid = {360208},
 publisher = {ACM},
 address = {New York, NY, USA},
} 

@book{AutomataTheory,
 author = {Hopcroft, John E. and Ullman, Jeffrey D.},
 title = {Introduction To Automata Theory, Languages, And Computation},
 year = {1990},
 isbn = {020102988X},
 edition = {1st},
 publisher = {Addison-Wesley Longman Publishing Co., Inc.},
 address = {Boston, MA, USA},
} 
