@book{sequitur,
  author    = "Nevill-Manning, C.G. and Witten, I.H.",
  title     = " Identifying Hierarchical Structure in Sequences: A linear-time algorithm ",
  year      = 1997,
  language  = "english"
}
@online{YaccConstructorPage,
  author       = "YaccConstructor",
  title        = "YaccConstructor",
  howpublished = "YaccConstructor official page",
  url          = {http://yaccconstructor.github.io},
  language     = "english"
  
@online{YARD,
  author       = "YaccConstructor",
  title        = "YARD",
  howpublished = "YaccConstructor official page",
  year         = 2015,
  url          = {http://yaccconstructor.github.io/YaccConstructor/yard.html},
  language     = "english"
  