@inproceedings{Azimov:2018:CPQ:3210259.3210264,
 author = {Azimov, Rustam and Grigorev, Semyon},
 title = {Context-free Path Querying by Matrix Multiplication},
 booktitle = {Proceedings of the 1st ACM SIGMOD Joint International Workshop on Graph Data Management Experiences \& Systems (GRADES) and Network Data Analytics (NDA)},
 series = {GRADES-NDA '18},
 year = {2018},
 isbn = {978-1-4503-5695-4},
 location = {Houston, Texas},
 pages = {5:1--5:10},
 articleno = {5},
 numpages = {10},
 url = {http://doi.acm.org/10.1145/3210259.3210264},
 doi = {10.1145/3210259.3210264},
 acmid = {3210264},
 publisher = {ACM},
 address = {New York, NY, USA},
 keywords = {GPGPU, context-free grammar, context-free path querying, graph databases, matrix multiplication, transitive closure},
}


@inproceedings{Kuijpers:2019:ESC:3335783.3335791,
 author = {Kuijpers, Jochem and Fletcher, George and Yakovets, Nikolay and Lindaaker, Tobias},
 title = {An Experimental Study of Context-Free Path Query Evaluation Methods},
 booktitle = {Proceedings of the 31st International Conference on Scientific and Statistical Database Management},
 series = {SSDBM '19},
 year = {2019},
 isbn = {978-1-4503-6216-0},
 location = {Santa Cruz, CA, USA},
 pages = {121--132},
 numpages = {12},
 url = {http://doi.acm.org/10.1145/3335783.3335791},
 doi = {10.1145/3335783.3335791},
 acmid = {3335791},
 publisher = {ACM},
 address = {New York, NY, USA},
}