@inproceedings{10.1145/3241653.3241655,
author = {Verbitskaia, Ekaterina and Kirillov, Ilya and Nozkin, Ilya and Grigorev, Semyon},
title = {Parser Combinators for Context-Free Path Querying},
year = {2018},
isbn = {9781450358361},
publisher = {Association for Computing Machinery},
address = {New York, NY, USA},
url = {https://doi.org/10.1145/3241653.3241655},
doi = {10.1145/3241653.3241655},
booktitle = {Proceedings of the 9th ACM SIGPLAN International Symposium on Scala},
pages = {13--23},
numpages = {11},
keywords = {Generalized LL, GLL, Scala, Context-Free Path Querying, Parser Combinators, Context-Free Language Reachability, Neo4j, Language-Constrained Path Problem, Graph Databases},
location = {St. Louis, MO, USA},
series = {Scala 2018}
}

@inproceedings{10.1145/2076623.2076653,
author = {Tausch, Norbert and Philippsen, Michael and Adersberger, Josef},
title = {A Statically Typed Query Language for Property Graphs},
year = {2011},
isbn = {9781450306270},
publisher = {Association for Computing Machinery},
address = {New York, NY, USA},
url = {https://doi.org/10.1145/2076623.2076653},
doi = {10.1145/2076623.2076653},
booktitle = {Proceedings of the 15th Symposium on International Database Engineering \& Applications},
pages = {219--225},
numpages = {7},
keywords = {graph traversal, typed graph, property graph, polymorphism},
location = {Lisboa, Portugal},
series = {IDEAS '11}
}
