@article{Bio,
	title={Quantifying variances in comparative RNA secondary structure prediction},
	author={Anderson, James WJ and Nov{\'a}k, {\'A}d{\'a}m and S{\"u}k{\"o}sd, Zsuzsanna and Golden, Michael and Arunapuram, Preeti and Edvardsson, Ingolfur and Hein, Jotun},
	journal={BMC bioinformatics},
	volume={14},
	number={1},
	pages={149},
	year={2013},
	publisher={BioMed Central}
}

@article{graphDB,
	author = {Mendelzon, A. and  Wood, P.},
	title = {Finding Regular Simple Paths in Graph Databases},
	journal = {SIAM J. Computing},
	volume = {24},
	number = {6},
	year = {1995},
	pages = {1235--1258},
	numpages = {24}
}

@article{hellingsRelational,
	title={Conjunctive context-free path queries},
	author={Hellings, J.},
	year={2014}
}

@inproceedings{RDF,
	author={Zhang, X. and Feng, Z. and Wang, X. and Rao, G. and Wu, W.},
	title={Context-free path queries on RDF graphs},
	booktitle={International Semantic Web Conference},
	pages={632--648},
	year={2016},
	organization={Springer}
}

@article{GraphQueryWithEarley,
	title={Subgraph queries by context-free grammars},
	author={Sevon, Petteri and Eronen, Lauri},
	journal={Journal of Integrative Bioinformatics},
	volume={5},
	number={2},
	pages={100},
	year={2008}
}

@article{matricesOnGPGPU,
	title={Programming GPGPU Graph Applications with Linear Algebra Building Blocks},
	author={Che, Shuai and Beckmann, Bradford M and Reinhardt, Steven K},
	journal={International Journal of Parallel Programming},
	pages={1--23},
	year={2016},
	publisher={Springer}
}

@article{okhotin2001conjunctive,
	title={Conjunctive grammars},
	author={Okhotin, Alexander},
	journal={Journal of Automata, Languages and Combinatorics},
	volume={6},
	number={4},
	pages={519--535},
	year={2001}
}
