@book{Jones:1993:PEA:153676,
 author = {Jones, Neil D. and Gomard, Carsten K. and Sestoft, Peter},
 title = {Partial Evaluation and Automatic Program Generation},
 year = {1993},
 isbn = {0-13-020249-5},
 publisher = {Prentice-Hall, Inc.},
 address = {Upper Saddle River, NJ, USA},
}

@article{LeiBa,
 author = {Leissa, Roland and Boesche, Klaas and Hack, Sebastian and P{\'e}rard-Gayot, Ars\`{e}ne and Membarth, Richard and Slusallek, Philipp and M\"{u}ller, Andr{\'e} and Schmidt, Bertil},
 title = {AnyDSL: A Partial Evaluation Framework for Programming High-performance Libraries},
 journal = {Proc. ACM Program. Lang.},
 issue_date = {November 2018},
 volume = {2},
 number = {OOPSLA},
 month = oct,
 year = {2018},
 issn = {2475-1421},
 pages = {119:1--119:30},
 articleno = {119},
 numpages = {30},
 url = {http://doi.acm.org/10.1145/3276489},
 doi = {10.1145/3276489},
 acmid = {3276489},
 publisher = {ACM},
 address = {New York, NY, USA},
}

@misc{Headers,
  title = {GCK'S FILE SIGNATURES TABLE},
  author = {Kessler, Gary},
  howpublished = {\url{https://www.garykessler.net/library/file_sigs.html}},
  year = {2019},
  note = {Accessed: 2019-10-31}
}

@InProceedings{DataCarving,
author={Povar, Digambar and Bhadran, V. K.},
editor={Baggili, Ibrahim},
title={Forensic Data Carving},
booktitle={Digital Forensics and Cyber Crime},
year={2011},
publisher={Springer Berlin Heidelberg},
address={Berlin, Heidelberg},
pages={137--148},
isbn={978-3-642-19513-6}
}

@article{Sakdhnagool2019RegDemIG,
  title={RegDem: Increasing GPU Performance via Shared Memory Register Spilling},
  author={Putt Sakdhnagool and Amit Sabne and Rudolf Eigenmann},
  journal={ArXiv},
  year={2019},
  volume={abs/1907.02894}
}

@inproceedings{Xie2018ICCADU,
  title={ICCAD : U : Optimizing GPU Shared Memory Allocation in Automated Cto-CUDA Compilation},
  author={Xinfeng Xie and Jason Cong and Yun Liang},
  year={2018}
}

@misc{zhang2019efficient,
    title={Efficient Memory Management for GPU-based Deep Learning Systems},
    author={Junzhe Zhang and Sai Ho Yeung and Yao Shu and Bingsheng He and Wei Wang},
    year={2019},
    eprint={1903.06631},
    archivePrefix={arXiv},
    primaryClass={cs.DC}
}

@InProceedings{10.1007/978-3-319-74313-4_27,
author={Sharygin, Eugene and Buchatskiy, Ruben and Zhuykov, Roman and Sher, Arseny},
editor={Petrenko, Alexander K. and Voronkov, Andrei},
title={Runtime Specialization of PostgreSQL Query Executor},
booktitle={Perspectives of System Informatics},
year={2018},
publisher={Springer International Publishing},
address={Cham},
pages={375--386},
isbn={978-3-319-74313-4}
}

@article{PartialEvalPaper,
  author    = {Neil D. Jones},
  title     = {An Introduction to Partial Evaluation},
  journal   = {{ACM} Comput. Surv.},
  volume    = {28},
  number    = {3},
  pages     = {480--503},
  year      = {1996},
  url       = {https://doi.org/10.1145/243439.243447},
  doi       = {10.1145/243439.243447},
  timestamp = {Tue, 06 Nov 2018 12:50:49 +0100},
  biburl    = {https://dblp.org/rec/bib/journals/csur/Jones96},
  bibsource = {dblp computer science bibliography, https://dblp.org}
}

