@conference{kovalev-spbu-phpsa,
    author  =   "Yasuhiko Minamide",
    title   =   "Static approximation of dynamically generated web pages",
    organization ="In Proceedings of the 14th International Conference on World Wide Web, WWW '05",
    year = "2005",
    pages   =   "432--441",
    publisher = "ACM"
}

@Inbook{kovalev-spbu-a_lr,
    author="Doh, Kyung-Goo
    and Kim, Hyunha
    and Schmidt, David A.",
    editor="Agha, Gul
    and Danvy, Olivier
    and Meseguer, Jos{\'e}",
    title="Abstract LR-Parsing",
    bookTitle="Formal Modeling: Actors, Open Systems, Biological Systems: Essays Dedicated to Carolyn Talcott on the Occasion of Her 70th Birthday",
    year="2011",
    publisher="Springer Berlin Heidelberg",
    address="Berlin, Heidelberg",
    pages="90--109",
    isbn="978-3-642-24933-4",
    doi="10.1007/978-3-642-24933-4_6",
    url="http://dx.doi.org/10.1007/978-3-642-24933-4_6"
}

@Inbook{kovalev-spbu-gfg,
    author="Pingali, Keshav
    and Bilardi, Gianfranco",
    editor="Franke, Bj{\"o}rn",
    title="A Graphical Model for Context-Free Grammar Parsing",
    bookTitle="Compiler Construction: 24th International Conference, CC 2015, Held as Part of the European Joint Conferences on Theory and Practice of Software, ETAPS 2015, London, UK, April 11-18, 2015, Proceedings",
    year="2015",
    publisher="Springer Berlin Heidelberg",
    address="Berlin, Heidelberg",
    pages="3--27",
    isbn="978-3-662-46663-6",
    doi="10.1007/978-3-662-46663-6_1",
    url="http://dx.doi.org/10.1007/978-3-662-46663-6_1"
}

@article{kovalev-spbu-gll,
title = "GLL parsing",
keywords = "generalised parsing, recursive descent, RNGLR and RIGLR parsing, parsing, Context Free Grammar, Context free languages",
author = "Elizabeth Scott and Adrian Johnstone",
year = "2009",
doi = "10.1016/j.entcs.2010.08.041",
volume = "253",
journal = "Electronic Notes in Theoretical Computer Science",
issn = "1571-0661",
publisher = "Elsevier",
number = "7",
}

@article{kovalev-spbu-cf_extr,
	author = {Nevill-Manning, Craig G. and Witten, Ian H.},
	title = {Identifying Hierarchical Structure in Sequences: A Linear-time Algorithm},
	journal = {J. Artif. Int. Res.},
	issue_date = {July 1997},
	volume = {7},
	number = {1},
	month = sep,
	year = {1997},
	issn = {1076-9757},
	pages = {67--82},
	numpages = {16},
	url = {http://dl.acm.org/citation.cfm?id=1622776.1622780},
	acmid = {1622780},
	publisher = {AI Access Foundation},
	address = {USA},
} 

@mastersthesis{kovalev-spbu-gll_reg,
    author    = "Anastasiya Ragozina",
    title     = "GLL-based relaxed parsing of dynamically generated code",
    school    = "SPbU",
    type      = "Masterâ€™s Thesis",
    year      = "2016"
}

@phdthesis{kovalev-spbu-sppf,
	title={Parser generation for interactive environments},
	author={Rekers, Joan Gerard},
	year={1992},
	school={Citeseer},
	type={PhD Thesis}
}
