@online{vsfg,
  author       = "Ali Mustafa Zaidi and David Greaves",
  title        = "A New Dataflow Compiler IR for Accelerating
Control-Intensive Code in Spatial Hardware",
  howpublished = "",
  year         = 2014,
  url          = {http://www.cl.cam.ac.uk/~samz2/RAW_submission.pdf},
  urldate      = "30.05.2015",
  language     = "english"
}
@online{tta,
  author       = "Johan Janssen",
  title        = "Compiler Strategies for Transport Triggered Architectures",
  howpublished = "",
  year         = 2001,
  url          = {http://ce-publications.et.tudelft.nl/publications/1171_compiler_strategies_for_transport_triggered_architectures.pdf},
  urldate      = "30.05.2015",
  language     = "english"
}
@online{quickgraph,
  author       = "",
  title        = "QuickGraph, Graph Data Structures And Algorithms for .NET",
  howpublished = "CodePlexProject. Hosting for Open Source Software",
  year         = 2015,
  url          = {http://quickgraph.codeplex.com},
  urldate      = "30.05.2015",
  language     = "english"
}
@online{bfs,
  author       = "Wikipedia",
  title        = "Breadth-first search",
  howpublished = "Wikipedia. The Free Encyclopedia",
  year         = 2015,
  url          = {https://en.wikipedia.org/wiki/Breadth-first_search},
  urldate      = "30.05.2015",
  language     = "english"
}
@online{task,
  author       = "Microsoft",
  title        = "System.Threading.Tasks",
  howpublished = "MSDN",
  year         = 2015,
  url          = {https://msdn.microsoft.com/ru-ru/library/system.threading.tasks(v=vs.110).aspx},
  urldate      = "30.05.2015",
  language     = "english"
}