@article{scott2016structuring,
  title={Structuring the GLL parsing algorithm for performance},
  author={Scott, Elizabeth and Johnstone, Adrian},
  journal={Science of Computer Programming},
  volume={125},
  pages={1--22},
  year={2016},
  publisher={Elsevier}
}
@techreport{hopcroft1971n,
    title={An n log n algorithm for minimizing states in a finite automaton},
    author={Hopcroft, John},
    year={1971},
    institution={DTIC Document}
}
@article{scott2010gll,
    title={GLL parsing},
    author={Scott, Elizabeth and Johnstone, Adrian},
    journal={Electronic Notes in Theoretical Computer Science},
    volume={253},
    number={7},
    pages={177--189},
    year={2010},
    publisher={Elsevier}
}
@article{Thompson:1968:PTR:363347.363387,
    author = {Thompson, Ken},
    title = {Programming Techniques: Regular Expression Search Algorithm},
    journal = {Commun. ACM},
    issue_date = {June 1968},
    volume = {11},
    number = {6},
    month = jun,
    year = {1968},
    issn = {0001-0782},
    pages = {419--422},
    numpages = {4},
    url = {http://doi.acm.org/10.1145/363347.363387},
    doi = {10.1145/363347.363387},
    acmid = {363387},
    publisher = {ACM},
    address = {New York, NY, USA},
    keywords = {match, regular expression, search},
} 
@book{aho1974design,
    title={The design and analysis of computer algorithms},
    author={Aho, Alfred V and Hopcroft, John E},
    year={1974},
    publisher={Pearson Education India}
}
@article{scott2013gll,
    title={GLL parse-tree generation},
    author={Scott, Elizabeth and Johnstone, Adrian},
    journal={Science of Computer Programming},
    volume={78},
    number={10},
    pages={1828--1844},
    year={2013},
    publisher={Elsevier}
}

@inproceedings{ECFG,
  title={Towards a Taxonomy for ECFG and RRPG Parsing},
  author={Hemerik, Kees},
  booktitle={International Conference on Language and Automata Theory and Applications},
  pages={410--421},
  year={2009},
  organization={Springer}
}

@article{ELL,
  title={On the definition of ELR (k) and ELL (k) grammars},
  author={Heilbrunner, Stephan},
  journal={Acta Informatica},
  volume={11},
  number={2},
  pages={169--176},
  year={1979},
  publisher={Springer}
}

@article{ELLParser,
  title={An efficient ELL (1)-parser generator},
  author={Heckmann, Reinhold},
  journal={Acta Informatica},
  volume={23},
  number={2},
  pages={127--148},
  year={1986},
  publisher={Springer}
}

@inproceedings{AttributedELL,
  title={An attributed ELL (1)-parser generator},
  author={Alblas, Henk and Schaap-Kruseman, Joos},
  booktitle={International Workshop on Compiler Construction},
  pages={208--209},
  year={1990},
  organization={Springer}
}

@article{ECFGparsing,
  title={The parsing of extended context-free grammars},
  author={Bruggemann-Klein, Anne and Wood, Derick},
  year={2002}
}

@article{ELRParsing,
  title={Parsing extended LR (k) grammars},
  author={Purdom Jr, Paul Walton and Brown, Cynthia A},
  journal={Acta Informatica},
  volume={15},
  number={2},
  pages={115--127},
  year={1981},
  publisher={Springer}
}

@article{ELALR,
  title={Yet another generation of LALR parsers for regular right part grammars},
  author={Morimoto, Shin-ichi and Sassa, Masataka},
  journal={Acta informatica},
  volume={37},
  number={9},
  pages={671--697},
  year={2001},
  publisher={Springer}
}

@inproceedings{ELRR,
  title={Shift-reduce parsers for transition networks},
  author={Breveglieri, Luca and Reghizzi, Stefano Crespi and Morzenti, Angelo},
  booktitle={International Conference on Language and Automata Theory and Applications},
  pages={222--235},
  year={2014},
  organization={Springer}
}

@phdthesis{SPPF,
  title={Parser generation for interactive environments},
  author={Rekers, Joan Gerard},
  year={1992},
  school={Citeseer}
}

@inproceedings{afroozeh2015faster,
    title={Faster, Practical GLL Parsing},
    author={Afroozeh, Ali and Izmaylova, Anastasia},
    booktitle={International Conference on Compiler Construction},
    pages={89--108},
    year={2015},
    organization={Springer}
}
@url{YaccConstructor,
    title = {YaccConstructor Project repository},
    howpublished = {\url{https://github.com/YaccConstructor/YaccConstructor}}
}
@mastersthesis{ragozina,
    author    = "Anastasiya Ragozina",
    title     = "GLL-based relaxed parsing of dynamically generated code",
    school    = "SpBU",
    type     = "Masterâ€™s Thesis",
    year      = "2016"
}