@techreport{st,
  title={Symbolic transducers},
  author={Bj{\o}rner, Nikolaj and Veanes, Margus},
  year={2011},
  institution={Technical Report MSR-TR-2011-3, Microsoft Research}
}

@online{YCUrl,
    title        = "Сайт проекта YaccConstructor",
    url          = { https://github.com/YaccConstructor/ }
}

@online{MSAUrl,
    title        = "Сайт проекта Mircosoft.Automata",
    url          = { http://research.microsoft.com/en-us/projects/automata/ }
}

@online{Z3Url,
    title        = "Сайт проекта Z3",
    url          = { https://github.com/Z3Prover/z3/ }
}

@online{BekUrl,
    title        = "Сайт проекта Bek",
    url          = { http://research.microsoft.com/en-us/projects/bek/ }
}

@inproceedings{BekArticle,
  title={Fast and precise sanitizer analysis with BEK},
  author={Hooimeijer, Pieter and Livshits, Benjamin and Molnar, David and Saxena, Prateek and Veanes, Margus},
  booktitle={Proceedings of the 20th USENIX conference on Security},
  pages={1--1},
  year={2011},
  organization={USENIX Association}
}


@article{polubelova,
  title={Лексический анализ динамически формируемых строковых выражений},
  author={Полубелова, Марина Игоревна}
  journal =   "Дипломная работа кафедры системного программирования СПбГУ",
  year = "2015",
  url = {http://se.math.spbu.ru/SE/diploma/2015/bmo/444-Polubelova-report.pdf}
}


@ARTICLE{articleYC,
author  =   "Кириленко, Я.А and Григорьев, С.В. and Авдюхин Д.А.",
title   =   "Разработка синтаксических анализаторов в проектах по автоматизированному реинжинирингу информационных систем",
journal =   "Научно-технические ведомости Санкт-Петербургского государственного политехнического университета. Информатика. Телекоммуникации. Управление",
year    =   2013,
number  =   "174",
pages   =   "94 -- 98",
url     =   { http://ntv.spbstu.ru/telecom/article/T3.174.2013_11/ } 
}

@incollection{articleZ3,
  title={Z3: An efficient SMT solver},
  author={De Moura, Leonardo and Bj{\o}rner, Nikolaj},
  booktitle={Tools and Algorithms for the Construction and Analysis of Systems},
  pages={337--340},
  year={2008},
  publisher={Springer}
}

@conference{FST,
    author = {Thomas Hanneforth},
    title = {Finite-state Machines: Theory and Applications Unweighted Finite-state Automata},
    organization = {Institut fur Linguistik Universitat Potsdam}
    year = {2010},
}

@phdthesis{GrigorievPhd,
    author = {Григорьев С.},
    title = {Синтаксический анализ динамически формируемых программ},
    year = {2016},
    school={Санкт-Петербургский государственный университет}
}

@article{STcompose,
  title={Symbolic finite state transducers: Algorithms and applications},
  author={Veanes, Margus and Hooimeijer, Pieter and Livshits, Benjamin and Molnar, David and Bjorner, Nikolaj},
  journal={ACM SIGPLAN Notices},
  volume={47},
  number={1},
  pages={137--150},
  year={2012},
  publisher={ACM}
}

@conference{Alvor,
    author  =   "Aivar Annamaa and Andrey Breslav and Jevgeni Kabanov and Varmo Vene",
    title   =   "An Interactive Tool for Analyzing Embedded SQL Queries",
    organization = "Programming Languages and Systems",
    year = "2010",
    pages   =   "131--138",
    publisher = "Springer: Berlin"
}

@conference{JSA,
    author  =   "Aske Simon Christensen and Anders M{\o}ller and Michael I.Schwartzbach",
    title   =   "Precise Analysis of String Expressions",
    organization =   "Proc. 10th International Static Analysis Symposium (SAS)",
    month = "June",
    year = "2003",
    pages   =   "1--18",
    publisher = "Springer-Verlag: Berlin"
}

@conference{PHPSA,
    author  =   "Yasuhiko Minamide",
    title   =   "Static approximation of dynamically generated web pages",
    organization ="In Proceedings of the 14th International Conference on World Wide Web, WWW '05",
    year = "2005",
    pages   =   "432--441",
    publisher = "ACM"
}