@article{GrammarsRNA,
  title={The language of RNA: a formal grammar that includes pseudoknots},
  author={Rivas, Elena and Eddy, Sean R},
  journal={Bioinformatics},
  volume={16},
  number={4},
  pages={334--340},
  year={2000},
  publisher={Oxford University Press}
}

@article{PCFG,
  title={RNA secondary structure prediction using stochastic context-free grammars and evolutionary history.},
  author={Knudsen, Bjarne and Hein, Jotun},
  journal={Bioinformatics (Oxford, England)},
  volume={15},
  number={6},
  pages={446--454},
  year={1999}
}


@article{LWPCFG,
  title={Evaluation of several lightweight stochastic context-free grammars for RNA secondary structure prediction},
  author={Dowell, Robin D and Eddy, Sean R},
  journal={BMC bioinformatics},
  volume={5},
  number={1},
  pages={71},
  year={2004},
  publisher={BioMed Central}
}

@book{EddyDurbin,
  title={Biological sequence analysis: probabilistic models of proteins and nucleic acids},
  author={Durbin, Richard and Eddy, Sean R and Krogh, Anders and Mitchison, Graeme},
  year={1998},
  publisher={Cambridge university press}
}

@article{miladi2017rnascclust,
  title={RNAscClust: clustering RNA sequences using structure conservation and graph based motifs},
  author={Miladi, Milad and Junge, Alexander and Costa, Fabrizio and Seemann, Stefan E and Havgaard, Jakob Hull and Gorodkin, Jan and Backofen, Rolf},
  journal={Bioinformatics},
  volume={33},
  number={14},
  pages={2089--2096},
  year={2017},
  publisher={Oxford University Press}
}

@article{vrehakova2014variation,
  title={Variation in secondary structure of the 16S rRNA molecule in cyanobacteria with implications for phylogenetic analysis},
  author={{\v{R}}eh{\'a}kov{\'a}, Kl{\'a}ra and Johansen, Jeffrey R and Bowen, Mary B and Martin, Michael P and Sheil, Christopher A},
  journal={Fottea},
  volume={14},
  pages={161--178},
  year={2014}
}
@online{hmmer,
  title = "HMMER [Электронный ресурс]",
  url = {http://hmmer.org/},
  urldate = "05.05.2019"
}
@online{infernal,
  title="Infernal [Электронный ресурс]",
  url={http://eddylab.org/infernal/},
  urldate="05.05.2019"
}

@article{Humidor,
  title={Humidor: Microbial Community Classification of the 16S Gene by Training CIGAR Strings with Convolutional Neural Networks},
  author={Sherman, Douglas},
  year={2017}
}

@inproceedings{ANN,
  title={Bacteria classification based on 16S ribosomal gene using artificial neural networks},
  author={Higashi, Susan and Hungria, Mariangela and Brunetto, MADC},
  booktitle={Proceedings of the 8th WSEAS International Conference on Computational intelligence, man-machine systems and cybernetics},
  pages={86--91},
  year={2009}
}
@article{баклановский2015поведенческая,
  title={Поведенческая идентификация программ},
  author={Баклановский, Максим Викторович and Ханов, Артур Рафаэльевич},
  journal={Моделирование и анализ информационных систем},
  volume={21},
  number={6},
  pages={120--130},
  year={2015}
}
@article{баклановский2016оценка,
  title={Оценка точности алгоритма распознавания вредоносных программ на основе поиска аномалий в работе процессов},
  author={Баклановский, МВ and Ханов, АР and Комаров, КМ and Лозов, ПА},
  journal={Научно-технический вестник информационных технологий, механики и оптики},
  volume={16},
  number={5},
  year={2016},
  publisher={Федеральное государственное автономное образовательное учреждение высшего~…}
}
@article{hofmeyr1998intrusion,
  title={Intrusion detection using sequences of system calls},
  author={Hofmeyr, Steven A and Forrest, Stephanie and Somayaji, Anil},
  journal={Journal of computer security},
  volume={6},
  number={3},
  pages={151--180},
  year={1998},
  publisher={IOS Press}
}
@inproceedings{wespi2000intrusion,
  title={Intrusion detection using variable-length audit trail patterns},
  author={Wespi, Andreas and Dacier, Marc and Debar, Herv{\'e}},
  booktitle={International Workshop on Recent Advances in Intrusion Detection},
  pages={110--129},
  year={2000},
  organization={Springer}
}
@inproceedings{ghosh1999study,
  title={A Study in Using Neural Networks for Anomaly and Misuse Detection.},
  author={Ghosh, Anup K and Schwartzbard, Aaron},
  booktitle={USENIX security symposium},
  volume={99},
  pages={12},
  year={1999}
}

@online{yacc,
  title="YaccConstructor [Электронный ресурс]",
  url={https://github.com/YaccConstructor},
  urldate="05.05.2019"
}

@inproceedings{Azimov:2018:CPQ:3210259.3210264,
 author = {Azimov, Rustam and Grigorev, Semyon},
 title = {Context-free Path Querying by Matrix Multiplication},
 booktitle = {Proceedings of the 1st ACM SIGMOD Joint International Workshop on Graph Data Management Experiences \& Systems (GRADES) and Network Data Analytics (NDA)},
 series = {GRADES-NDA '18},
 year = {2018},
 isbn = {978-1-4503-5695-4},
 location = {Houston, Texas},
 pages = {5:1--5:10},
 articleno = {5},
 numpages = {10},
 url = {http://doi.acm.org/10.1145/3210259.3210264},
 doi = {10.1145/3210259.3210264},
 acmid = {3210264},
 publisher = {ACM},
 address = {New York, NY, USA},
 keywords = {GPGPU, context-free grammar, context-free path querying, graph databases, matrix multiplication, transitive closure},
}

@online{jetbrains,
  title="JetBrains Programming Languages and Tools Lab [Электронный ресурс]",
  url={https://research.jetbrains.org/groups/plt_lab},
  urldate="05.05.2019"
}
