@inproceedings{Grigorev,
	author = {Grigorev, Semyon and Ragozina, Anastasiya},
	title = {Context-free Path Querying with Structural Representation of Result},
	booktitle = {Proceedings of the 13th Central \& Eastern European Software Engineering Conference in Russia},
	series = {CEE-SECR '17},
	year = {2017},
	isbn = {978-1-4503-6396-9},
	location = {St. Petersburg, Russia},
	pages = {10:1--10:7},
	articleno = {10},
	numpages = {7},
	url = {http://doi.acm.org/10.1145/3166094.3166104},
	doi = {10.1145/3166094.3166104},
	acmid = {3166104},
	publisher = {ACM},
	address = {New York, NY, USA},
	keywords = {CFPQ, GLL, LL, context-free grammar, graph database, graph parsing, path query, top-down parsing},
}
@inproceedings{stenman2011approximating,
	title={Approximating the Shuffle of Context-free Languages to Find Bugs in Concurrent Recursive Programs},
	author={Stenman, Jari},
	year={2011}
}
