@incollection{azimov-spbu-Anderson,
 author = {Anderson, J. and Novák, Á. and Sükösd, Z.},
 title = {Quantifying variances in comparative RNA secondary structure prediction},
 booktitle = {BMC Bioinformatics},
 year = {2013},
 isbn = {1471-2105-14-149},
 pages = {14--149},
 numpages = {136}
}

@article{azimov-spbu-graphDB,
 author = {Mendelzon, A. and  Wood, P.},
 title = {Finding Regular Simple Paths in Graph Databases},
 journal = {SIAM J. Computing},
 volume = {24},
 number = {6},
 year = {1995},
 pages = {1235--1258},
 numpages = {24}
}

@article{azimov-spbu-Okhotin,
 author = {Охотин, А.},
 title = {О сложности задачи генерации строк},
 journal = {Дискрет. матем.},
 volume = {15},
 issue = {4},
 year = {2003},
 pages = {84--99},
 numpages = {16}
}

@article{azimov-spbu-conjunctiveGrammar,
 author = {Okhotin, A.},
 title = {Conjunctive and Boolean grammars: the true general case of the context-free grammars},
 journal = {Computer Science Review},
 volume = {9},
 year = {2013},
 pages = {27--59},
 numpages = {33}
}

@article{azimov-spbu-binChomsk,
  title={Introduction to Automata Theory, Languages, and Computation, 3th edition},
  author={Ullman, J. and Hopcroft, J. and Motwani, R.},
  journal={Pearson},
  year={2007}
}

@article{azimov-spbu-hellings1,
  title={Conjunctive context-free path queries},
  author={Hellings, J.},
  year={2014}
}

@article{azimov-spbu-hellings2,
  title={Querying for Paths in Graphs using Context-Free Path Queries},
  author={Hellings, J.},
  journal={arXiv preprint arXiv:1502.02242},
  year={2015}
}