@inproceedings{brazil,
	title={Efficient evaluation of context-free path queries for graph databases},
	author={Medeiros, Ciro M and Musicante, Martin A and Costa, Umberto S},
	booktitle={Proceedings of the 33rd Annual ACM Symposium on Applied Computing},
	pages={1230--1237},
	year={2018},
	organization={ACM}
}

@article{Bio,
  title={Quantifying variances in comparative RNA secondary structure prediction},
  author={Anderson, James WJ and Nov{\'a}k, {\'A}d{\'a}m and S{\"u}k{\"o}sd, Zsuzsanna and Golden, Michael and Arunapuram, Preeti and Edvardsson, Ingolfur and Hein, Jotun},
  journal={BMC bioinformatics},
  volume={14},
  number={1},
  pages={149},
  year={2013},
  publisher={BioMed Central}
}

@article{graphDB,
 author = {Mendelzon, A. and  Wood, P.},
 title = {Finding Regular Simple Paths in Graph Databases},
 journal = {SIAM J. Computing},
 volume = {24},
 number = {6},
 year = {1995},
 pages = {1235--1258},
 numpages = {24}
}

@inproceedings{RDF,
  author={Zhang, X. and Feng, Z. and Wang, X. and Rao, G. and Wu, W.},
  title={Context-free path queries on RDF graphs},
  booktitle={International Semantic Web Conference},
  pages={632--648},
  year={2016},
  organization={Springer}
}

@inproceedings{hellingsRelational,
  title={Conjunctive context-free path queries},
  author={Hellings, Jelle},
  booktitle={Proceedings of ICDT'14},
  pages={119--130},
  year={2014}
}

@article{hellingsPathQuerying,
  title={Querying for Paths in Graphs using Context-Free Path Queries},
  author={Hellings, Jelle},
  journal={arXiv preprint arXiv:1502.02242},
  year={2015}
}

@article{GLL,
  title={Context-Free Path Querying with Structural Representation of Result},
  author={Grigorev, Semyon and Ragozina, Anastasiya},
  journal={arXiv preprint arXiv:1612.08872},
  year={2016}
}

@article{chomsky,
  title={On certain formal properties of grammars},
  author={Chomsky, Noam},
  journal={Information and control},
  volume={2},
  number={2},
  pages={137--167},
  year={1959},
  publisher={Elsevier}
}

@article{matricesOnGPGPU,
  title={Programming GPGPU Graph Applications with Linear Algebra Building Blocks},
  author={Che, Shuai and Beckmann, Bradford M and Reinhardt, Steven K},
  journal={International Journal of Parallel Programming},
  pages={1--23},
  year={2016},
  publisher={Springer}
}

@inproceedings{transitive-closure,
  title={Graph-theoretic methods in database theory},
  author={Yannakakis, Mihalis},
  booktitle={Proceedings of the ninth ACM SIGACT-SIGMOD-SIGART symposium on Principles of database systems},
  pages={230--242},
  year={1990},
  organization={ACM}
}

@article{valiant,
  title={General context-free recognition in less than cubic time},
  author={Valiant, Leslie G},
  journal={Journal of computer and system sciences},
  volume={10},
  number={2},
  pages={308--315},
  year={1975},
  publisher={Elsevier}
}

@techreport{kasami,
  title={AN EFFICIENT RECOGNITION AND SYNTAXANALYSIS ALGORITHM FOR CONTEXT-FREE LANGUAGES.},
  author={Kasami, Tadao},
  year={1965},
  institution={DTIC Document}
}

@article{younger,
  title={Recognition and parsing of context-free languages in time n3},
  author={Younger, Daniel H},
  journal={Information and control},
  volume={10},
  number={2},
  pages={189--208},
  year={1967},
  publisher={Elsevier}
}

@book{fsharp,
  title={Expert F\# 3.0},
  author={Syme, Don and Granicz, Adam and Cisternino, Antonio},
  year={2012},
  publisher={Springer}
}

@article{okhotin_cyk,
  title={Parsing by matrix multiplication generalized to Boolean grammars},
  author={Okhotin, Alexander},
  journal={Theoretical Computer Science},
  volume={516},
  pages={101--120},
  year={2014},
  publisher={Elsevier}
}

@book{FndDB,
  title={Foundations of databases: the logical level},
  author={Abiteboul, Serge and Hull, Richard and Vianu, Victor},
  year={1995},
  publisher={Addison-Wesley Longman Publishing Co., Inc.}
}

@article{okhotinBoolean,
  title={Boolean grammars},
  author={Okhotin, Alexander},
  journal={Information and Computation},
  volume={194},
  number={1},
  pages={19--48},
  year={2004},
  publisher={Elsevier}
}

@article{GraphQueryWithEarley,
	title={Subgraph queries by context-free grammars},
	author={Sevon, Petteri and Eronen, Lauri},
	journal={Journal of Integrative Bioinformatics},
	volume={5},
	number={2},
	pages={100},
	year={2008}
}

@article{scott2010gll,
	title={GLL parsing},
	author={Scott, Elizabeth and Johnstone, Adrian},
	journal={Electronic Notes in Theoretical Computer Science},
	volume={253},
	number={7},
	pages={177--189},
	year={2010},
	publisher={Elsevier}
}

@inproceedings{zhang2017context,
  title={Context-sensitive data-dependence analysis via linear conjunctive language reachability},
  author={Zhang, Qirun and Su, Zhendong},
  booktitle={Proceedings of the 44th ACM SIGPLAN Symposium on Principles of Programming Languages},
  pages={344--358},
  year={2017},
  organization={ACM}
}

@article{reutter2017regular,
  title={Regular queries on graph databases},
  author={Reutter, Juan L and Romero, Miguel and Vardi, Moshe Y},
  journal={Theory of Computing Systems},
  volume={61},
  number={1},
  pages={31--83},
  year={2017},
  publisher={Springer US}
}

@inproceedings{fan2011adding,
  title={Adding regular expressions to graph reachability and pattern queries},
  author={Fan, Wenfei and Li, Jianzhong and Ma, Shuai and Tang, Nan and Wu, Yinghui},
  booktitle={Data Engineering (ICDE), 2011 IEEE 27th International Conference on},
  pages={39--50},
  year={2011},
  organization={IEEE}
}

@inproceedings{abiteboul1997regular,
  title={Regular path queries with constraints},
  author={Abiteboul, Serge and Vianu, Victor},
  booktitle={Proceedings of the sixteenth ACM SIGACT-SIGMOD-SIGART symposium on Principles of database systems},
  pages={122--133},
  year={1997},
  organization={ACM}
}

@inproceedings{nole2016regular,
  title={Regular path queries on massive graphs},
  author={Nol{\'e}, Maurizio and Sartiani, Carlo},
  booktitle={Proceedings of the 28th International Conference on Scientific and Statistical Database Management},
  pages={13},
  year={2016},
  organization={ACM}
}

@book{Grune,
 author = {Grune, Dick and Jacobs, Ceriel J. H.},
 title = {Parsing Techniques (Monographs in Computer Science)},
 year = {2006},
 isbn = {038720248X},
 publisher = {Springer-Verlag New York, Inc.},
 address = {Secaucus, NJ, USA},
}

@article{okhotinConjAndBool,
	title={Conjunctive and Boolean grammars: the true general case of the context-free grammars},
	author={Okhotin, Alexander},
	journal={Computer Science Review},
	volume={9},
	pages={27--59},
	year={2013},
	publisher={Elsevier}
}


@inproceedings{MM_on_multi-GPU,
	title={Matrix multiplication on high-density multi-GPU architectures: theoretical and experimental investigations},
	author={Zhang, Peng and Gao, Yuxiang},
	booktitle={International Conference on High Performance Computing},
	pages={17--30},
	year={2015},
	organization={Springer}
}

@inproceedings{hetero_multi-GPU,
	title={Enabling and scaling matrix computations on heterogeneous multi-core and multi-GPU systems},
	author={Song, Fengguang and Tomov, Stanimire and Dongarra, Jack},
	booktitle={Proceedings of the 26th ACM international conference on Supercomputing},
	pages={365--376},
	year={2012},
	organization={ACM}
}

@article{choi1994pumma,
	title={PUMMA: Parallel universal matrix multiplication algorithms on distributed memory concurrent computers},
	author={Choi, Jaeyoung and Walker, David W and Dongarra, Jack J},
	journal={Concurrency and Computation: Practice and Experience},
	volume={6},
	number={7},
	pages={543--570},
	year={1994},
	publisher={Wiley Online Library}
}

@article{kodumal2004set,
	title={The set constraint/CFL reachability connection in practice},
	author={Kodumal, John and Aiken, Alex},
	journal={ACM Sigplan Notices},
	volume={39},
	number={6},
	pages={207--218},
	year={2004},
	publisher={ACM}
}

@inproceedings{zhang2013fast,
	title={Fast algorithms for Dyck-CFL-reachability with applications to alias analysis},
	author={Zhang, Qirun and Lyu, Michael R and Yuan, Hao and Su, Zhendong},
	booktitle={ACM SIGPLAN Notices},
	volume={48},
	number={6},
	pages={435--446},
	year={2013},
	organization={ACM}
}