@InProceedings{10.1007/978-3-319-41579-6_22,
author="Verbitskaia, Ekaterina
and Grigorev, Semyon
and Avdyukhin, Dmitry",
title="Relaxed Parsing of Regular Approximations of String-Embedded Languages",
booktitle="Perspectives of System Informatics",
year="2016",
pages="291--302",
isbn="978-3-319-41579-6"
}

@inproceedings{Verbitskaia:2018:PCC:3241653.3241655,
 author = {Verbitskaia, Ekaterina and Kirillov, Ilya and Nozkin, Ilya and Grigorev, Semyon},
 title = {Parser Combinators for Context-free Path Querying},
 booktitle = {Proceedings of the 9th ACM SIGPLAN International Symposium on Scala},
 series = {Scala 2018},
 year = {2018},
 isbn = {978-1-4503-5836-1},
 location = {St. Louis, MO, USA},
 pages = {13--23},
 numpages = {11},
 url = {http://doi.acm.org/10.1145/3241653.3241655},
 doi = {10.1145/3241653.3241655},
 acmid = {3241655},
} 

@inproceedings{Azimov:2018:CPQ:3210259.3210264,
 author = {Azimov, Rustam and Grigorev, Semyon},
 title = {Context-free Path Querying by Matrix Multiplication},
 booktitle = {Proceedings of the 1st ACM SIGMOD Joint International Workshop on Graph Data Management Experiences \& Systems (GRADES) and Network Data Analytics (NDA)},
 series = {GRADES-NDA '18},
 year = {2018},
 isbn = {978-1-4503-5695-4},
 location = {Houston, Texas},
 pages = {5:1--5:10},
 articleno = {5},
 numpages = {10},
 url = {http://doi.acm.org/10.1145/3210259.3210264},
 doi = {10.1145/3210259.3210264},
 acmid = {3210264},

} 