@article{graphDB,
 author = {Mendelzon, A. and  Wood, P.},
 title = {Finding Regular Simple Paths in Graph Databases},
 journal = {SIAM J. Computing},
 volume = {24},
 number = {6},
 year = {1995},
 pages = {1235--1258},
 numpages = {24}
}

@masterthesis{ConjunctiveRNA,
    author  =   {Zier-Vogel, R.},
    title   =   {Predicting RNA secondary structure using a stochastic conjunctive grammar},
    year = {2012},
    school={University of Manitoba},
    language = {english}
}

@article{conjunctiveGrammar,
 author = {Okhotin, A.},
 title = {Conjunctive and Boolean grammars: the true general case of the context-free grammars},
 journal = {Computer Science Review},
 volume = {9},
 year = {2013},
 pages = {27--59},
 numpages = {33}
}

@incollection{Anderson,
 author = {Anderson, J. and Novák, Á. and Sükösd, Z.},
 title = {Quantifying variances in comparative RNA secondary structure prediction},
 booktitle = {BMC Bioinformatics},
 year = {2013},
 isbn = {1471-2105-14-149},
 pages = {14--149},
 numpages = {136}
}