@Inbook{Medeiros2012,
author="Medeiros, S{\'e}rgio
and Mascarenhas, Fabio
and Ierusalimschy, Roberto",
editor="de Carvalho Junior, Francisco Heron
and Barbosa, Luis Soares",
title="Left Recursion in Parsing Expression Grammars",
bookTitle="Programming Languages: 16th Brazilian Symposium, SBLP 2012, Natal, Brazil, September 23-28, 2012. Proceedings",
year="2012",
publisher="Springer Berlin Heidelberg",
address="Berlin, Heidelberg",
pages="27--41",
}

@inproceedings{Izmaylova,
 author = {Izmaylova, Anastasia and Afroozeh, Ali and Storm, Tijs van der},
 title = {Practical, General Parser Combinators},
 booktitle = {Proceedings of the 2016 ACM SIGPLAN Workshop on Partial Evaluation and Program Manipulation},
 series = {PEPM '16},
 year = {2016},
 location = {St. Petersburg, FL, USA},
 pages = {1--12},
 numpages = {12},
 publisher = {ACM},
 address = {New York, NY, USA},
} 

@inproceedings{frost2008parser,
  title={Parser combinators for ambiguous left-recursive grammars},
  author={Frost, Richard A and Hafiz, Rahmatullah and Callaghan, Paul},
  booktitle={International Symposium on Practical Aspects of Declarative Languages},
  pages={167--181},
  year={2008},
  organization={Springer}
}

@techreport{nott237,
          number = {NOTTCS-TR-96-4},
          author = {Graham Hutton and Erik Meijer},
         address = {University of Nottingham},
           title = {Monadic parser combinators},
            type = {Technical Report},
       publisher = {School of Computer Science and IT},
     institution = {University of Nottingham},
            year = {1996}
}

@article{hutton1992higher,
  title={Higher-order functions for parsing},
  author={Hutton, Graham},
  journal={Journal of functional programming},
  volume={2},
  number={03},
  pages={323--343},
  year={1992},
  publisher={Cambridge Univ Press}
}

@article{warth2008packrat,
  title={Packrat parsers can support left recursion.},
  author={Warth, Alessandro and Douglass, James R and Millstein, Todd D},
  journal={PEPM},
  volume={8},
  pages={103--110},
  year={2008}
}
