@book{book:theory_of_parsing,
  author    = {Alfred V. Aho and Ullman},
  title     = "The Theory of Parsing, Translation and Compiling, Parsing of Series in Automatic Computation",
  publisher = "Prentice-Hall",
  year      = 1972,
  language  = "russian"
  pages = {33-45}
}
@book{book:compilles,
  author    = {Alfred V. Aho and Monica S. Lam and Ravi Sethi and Jeffrey D. Ullman},
  title     = "The Theory of Parsing, Translation and Compiling, Parsing of Series in Automatic Computation",
  publisher = "Pearson Education",
  year      = 2006,
  language  = "russian"
}
@book{book:grune,
  author    = {Dick Grune and J. H. Ceriel Jacobs},
  title     = "Parsing Techniques: A Practical Guide",
  publisher = "Springer",
  year      = 2008,
  language  = "russian"
}
@book{book:compilers_dotNET,
  title      = {Разработка компиляторов на платформе .NET},
  author     = {А.Н. Терехов, Н.Н. Вояковская, Д.Ю. Булычев, А.Е. Москаль},
  year       = {2001},
  publisher  = {СПб.: Кафедра системного программирования СПбГУ},
}

@article{synt_analysis,
  author    = {Кириленко Я.А., Григорьев С. В.,Авдюхин Д. А.},
  title     = "Разработка синтаксических анализаторов в проектах по автоматизированному реинжинирингу информационных систем",
  journal = "Научно-технические ведомости Санкт-Петербургского государственного политехнического университета информатика, телекоммуникации, управление. Номер: 174",
  year      = 2013,
  language  = "russian"
  pages = {94-98}
}
@article{qma,
  author    = {Victor R. Basili, Gianluigi Caldiera, H. Dieter Rombach},
  title     = "The Goal Question Metric Approach",
  journal = "Chapter in Encyclopedia of Software Engineering, Wiley",
  year      = 1994,
  language  = "russian"
}
@article{abstract_parsing,
  author    = {Kyung-Goo Doh, Hyunha Kim, and David A. Schmidt},
  title     = "Abstract parsing: Static analysis of dynamically generated string   output using lr-parsing technology",
  year = {2009},
  journal = {In Proceedings of the 16th International Symposium on Static Analysis, SAS ’09. Springer-Verlag: Berlin; Heidelberg}
  pages = {28-36}
}
@article{grammar_type_recognition,
  author    = {Amin Milani Fard, Arash Deldari, Hossein Deldari},
  title     = "Quick Grammar Type Recognition: Concepts and Techniques. Department of Computer Engineering",
  year = {2007},
  journal = {International conf. on Compilers, Related Technologies and Applications (CoRTA)}
}

@online{link:yacc,
  title        = "Yacc parser generator",
  url          = {http://epaperpress.com/lexandyacc/},
  urldate      = "15.03.2015",
  language     = "russian"
}
@online{link:bison,
  title        = " Bison parser generator",
  url          = {http://www.gnu.org/software/bison/manual/},
  urldate      = "15.03.2015",
  language     = "russian"
}
@online{link:antlr,
  title        = "ANTLR parser generator",
  url          = {http://www.antlr.org/},
  urldate      = "15.03.2015",
  language     = "russian"
}
@online{link:yc,
  title        = "Домашняя страница YaccConstructor",
  url          = {https://code.google.com/p/recursive-ascent/wiki/YaccConstructor},
  urldate      = "15.03.2015",
  language     = "russian"
}
@online{link:facio,
  title        = "Домашняя страница Facio",
  url          = {https://github.com/jack-pappas/facio},
  urldate      = "20.02.2015",
  language     = "russian"
}
@online{link:fSharpCharting,
  title        = "F\# Charting — библиотека для визуализации данных",
  url          = {http://fslab.org/FSharp.Charting/},
  urldate      = "3.05.2015",
  language     = "russian"
}
@online{link:fSharp,
  title        = "F\# Language Specification",
  url          = {http://fsharp.org/specs/language-spec/},
  urldate      = "10.02.2015",
  language     = "russian"
}
@online{link:dotNet,
  title        = ".NET Framework",
  url          = {http://www.microsoft.com/net},
  urldate      = "20.04.2015",
  language     = "russian"
}

