@ARTICLE{bib1,
  author = {Автор1 and Автор2 and Автор3 and Автор4},
  title = {Название статьи},
  journal = {Журнал},
  year = {2012},
  volume = {1},
  pages = {100},
  language = {russian}
}

@BOOK{bib2,
  title = {Название книги},
  publisher = {Издательство},
  year = {2012},
  editor = {Редактор},
  author = {Автор},
  language = {russian}
}

@CONFERENCE{bib3,
  author = {Автор},
  title = {название тезисов конференции},
  booktitle = {Название сборника},
  year = {2012},
  language = {russian}
}

@BOOKLET{bib4,
  title = {Название буклета},
  note = {Заметки},
  language = {russian}
}

@ARTICLE{bib5,
   author = {Mohri, Mehryar},
 title = {Finite-state Transducers in Language and Speech Processing},
 journal = {Comput. Linguist.},
 volume = {23},
 year = {1997},
 pages = {269--311},
 language = {english}

}

@CONFERENCE{Grigorev6,
 author = {Grigorev, Semen and Kirilenko, Iakov},
 title = {GLR-based Abstract Parsing},
 booktitle = {Proceedings of the 9th Central \&\#38; Eastern European Software Engineering Conference in Russia},
 series = {CEE-SECR '13},
 year = {2013},
 isbn = {978-1-4503-2641-4},
 location = {Moscow, Russia},
 pages = {5:1--5:9},
 articleno = {5},
 numpages = {9},
 url = {http://doi.acm.org/10.1145/2556610.2556616},
 doi = {10.1145/2556610.2556616},
 acmid = {2556616},
 publisher = {ACM},
 address = {New York, NY, USA},
 keywords = {GLR, RNGLR, abstract parsing, abstract translation, dynamic SQL, embedded languages, injected languages, parsing, string-embedded languages, two-staged languages},
 language = {english}
}

@inproceedings{LrAbstract1,
 author = {Doh, Kyung-Goo and Kim, Hyunha and Schmidt, David A.},
 title = {Abstract Parsing: Static Analysis of Dynamically Generated String Output Using LR-Parsing Technology},
 booktitle = {Proceedings of the 16th International Symposium on Static Analysis},
 series = {SAS '09},
 year = {2009},
 isbn = {978-3-642-03236-3},
 location = {Los Angeles, CA},
 pages = {256--272},
 numpages = {17},
 url = {http://dx.doi.org/10.1007/978-3-642-03237-0_18},
 doi = {10.1007/978-3-642-03237-0_18},
 acmid = {1615461},
 publisher = {Springer-Verlag},
 address = {Berlin, Heidelberg}
} 

@incollection{LrAbstract2,
 author = {Doh, Kyung-Goo and Kim, Hyunha and Schmidt, David A.},
 chapter = {Abstract LR-parsing},
 title = {Formal Modeling},
 editor = {Agha, Gul and Meseguer, Jos{\'e} and Danvy, Olivier},
 year = {2011},
 isbn = {978-3-642-24932-7},
 pages = {90--109},
 numpages = {20},
 url = {http://dl.acm.org/citation.cfm?id=2074591.2074599},
 acmid = {2074599},
 publisher = {Springer-Verlag},
 address = {Berlin, Heidelberg}
} 

@incollection{LRAbstractParsingSema,
              year={2013},
              isbn={978-3-642-38855-2},
              booktitle={Static Analysis},
              volume={7935},
              series={Lecture Notes in Computer Science},
              doi={10.1007/978-3-642-38856-9_12},
              title={Static Validation of Dynamically Generated HTML Documents Based on               Abstract Parsing and Semantic Processing},
              publisher={Springer Berlin Heidelberg},
              author={Doh, Kyung-Goo and Kim, Hyunha and Schmidt, David A.},
              pages={194-214},
              language={English}
}

@inproceedings{GLRAbsPars,
 author = {Grigorev, Semen and Kirilenko, Iakov},
 title = {GLR-based Abstract Parsing},
 booktitle = {Proceedings of the 9th Central \&\#38; Eastern European Software Engineering Conference in Russia},
 series = {CEE-SECR '13},
 year = {2013},
 isbn = {978-1-4503-2641-4},
 location = {Moscow, Russia},
 pages = {5:1--5:9},
 articleno = {5},
 numpages = {9},
 url = {http://doi.acm.org/10.1145/2556610.2556616},
 doi = {10.1145/2556610.2556616},
 acmid = {2556616},
 publisher = {ACM},
 address = {New York, NY, USA},
 keywords = {GLR, RNGLR, abstract parsing, abstract translation, dynamic SQL, embedded languages, injected languages, parsing, string-embedded languages, two-staged languages},
}

@inproceedings{SELforIDE,
 author = {Grigorev, Semen and Verbitskaia, Ekaterina and Ivanov, Andrei and Polubelova, Marina and Mavchun, Ekaterina},
 title = {String-embedded Language Support in Integrated Development Environment},
 booktitle = {Proceedings of the 10th Central and Eastern European Software Engineering Conference in Russia},
 series = {CEE-SECR '14},
 year = {2014},
 isbn = {978-1-4503-2889-0},
 location = {Moscow, Russia},
 pages = {21:1--21:11},
 articleno = {21},
 numpages = {11},
 url = {http://doi.acm.org/10.1145/2687233.2687247},
 doi = {10.1145/2687233.2687247},
 acmid = {2687247},
 publisher = {ACM},
 address = {New York, NY, USA},
 keywords = {Dynamic SQL, IDE, abstract parsing, integrated development environment, lexer generator, parser generator, parsing, string-embedded language},
}

@article{Mohri,
 author = {Mohri, Mehryar},
 title = {Finite-state Transducers in Language and Speech Processing},
 journal = {Comput. Linguist.},
 volume = {23},
 number = {2},
 month = jun,
 year = {1997},
 issn = {0891-2017},
 pages = {269--311},
 numpages = {43},
 url = {http://dl.acm.org/citation.cfm?id=972695.972698},
 acmid = {972698},
 publisher = {MIT Press},
 address = {Cambridge, MA, USA},
}

@article{RNGLR,
 author = {Scott, Elizabeth and Johnstone, Adrian},
 title = {Right Nulled GLR Parsers},
 journal = {ACM Trans. Program. Lang. Syst.},
 volume = {28},
 number = {4},
 month = jul,
 year = {2006},
 issn = {0164-0925},
 pages = {577--618},
 numpages = {42},
 url = {http://doi.acm.org/10.1145/1146809.1146810},
 doi = {10.1145/1146809.1146810},
 acmid = {1146810},
 publisher = {ACM},
 address = {New York, NY, USA},
 keywords = {General context-free grammars, generalized LR parsing},
}

@book{FSharp,
 author = {Syme, Don and Granicz, Adam and Cisternino, Antonio},
 title = {Expert F\# (Expert's Voice in .Net)},
 isbn = {1590598504, 9781590598504},
}


@article{Yu:2014:ASS:2581928.2581966,
 author = {Yu, Fang and Alkhalaf, Muath and Bultan, Tevfik and Ibarra, Oscar H.},
 title = {Automata-based Symbolic String Analysis for Vulnerability Detection},
 journal = {Form. Methods Syst. Des.},
 volume = {44},
 number = {1},
 month = feb,
 year = {2014},
 issn = {0925-9856},
 pages = {44--70},
 numpages = {27},
 url = {http://dx.doi.org/10.1007/s10703-013-0189-1},
 doi = {10.1007/s10703-013-0189-1},
 acmid = {2581966},
 publisher = {Kluwer Academic Publishers},
 address = {Hingham, MA, USA},
 keywords = {Automated verification, String analysis, Vulnerability analysis, Web application security},
}

@inproceedings{Lester:2013:PPS:2465106.2465120,
 author = {Lester, Martin Mariusz},
 title = {Position Paper: The Science of Boxing},
 booktitle = {Proceedings of the Eighth ACM SIGPLAN Workshop on Programming Languages and Analysis for Security},
 series = {PLAS '13},
 year = {2013},
 isbn = {978-1-4503-2144-0},
 location = {Seattle, Washington, USA},
 pages = {83--88},
 numpages = {6},
 url = {http://doi.acm.org/10.1145/2465106.2465120},
 doi = {10.1145/2465106.2465120},
 acmid = {2465120},
 publisher = {ACM},
 address = {New York, NY, USA},
 keywords = {eval, javascript, program transformation, staged metaprogramming, static analysis},
}

@inproceedings{DevelopmentDSQLTools,
 author = {Smith, Zachary},
 title = {Development of Tools to Manage Embedded SQL},
 booktitle = {Proceedings of the 49th Annual Southeast Regional Conference},
 series = {ACM-SE '11},
 year = {2011},
 isbn = {978-1-4503-0686-7},
 location = {Kennesaw, Georgia},
 pages = {358--359},
 numpages = {2},
 url = {http://doi.acm.org/10.1145/2016039.2016147},
 doi = {10.1145/2016039.2016147},
 acmid = {2016147},
 publisher = {ACM},
 address = {New York, NY, USA},
 keywords = {embedded SQL, source-code, tools},
} 

@inproceedings{DSQLQualityMesure,
 author = {Brink, Huib van den and Leek, Rob van der and Visser, Joost},
 title = {Quality Assessment for Embedded SQL},
 booktitle = {Proceedings of the Seventh IEEE International Working Conference on Source Code Analysis and Manipulation},
 series = {SCAM '07},
 year = {2007},
 isbn = {0-7695-2880-5},
 pages = {163--170},
 numpages = {8},
 url = {http://dx.doi.org/10.1109/SCAM.2007.18},
 doi = {10.1109/SCAM.2007.18},
 acmid = {1307345},
 publisher = {IEEE Computer Society},
 address = {Washington, DC, USA},
} 


@article{LangIncusion,
 author = {Asveld, Peter R. J. and Nijholt, Anton},
 title = {The Inclusion Problem for Some Subclasses of Context-free Languages},
 journal = {Theor. Comput. Sci.},
 volume = {230},
 number = {1-2},
 month = dec,
 year = {1999},
 issn = {0304-3975},
 pages = {247--256},
 numpages = {10},
 url = {http://dx.doi.org/10.1016/S0304-3975(99)00113-9},
 doi = {10.1016/S0304-3975(99)00113-9},
 acmid = {323518},
 publisher = {Elsevier Science Publishers Ltd.},
 address = {Essex, UK},
 keywords = {(restricted) context-free grammar, (restricted) deterministic push-down automation, inclusion problem, unambiguous context-free language},
} 

@inproceedings{Alvor1,
 author = {Annamaa, Aivar and Breslav, Andrey and Kabanov, Jevgeni and Vene, Varmo},
 title = {An Interactive Tool for Analyzing Embedded SQL Queries},
 booktitle = {Proceedings of the 8th Asian Conference on Programming Languages and Systems},
 series = {APLAS'10},
 year = {2010},
 isbn = {3-642-17163-X, 978-3-642-17163-5},
 location = {Shanghai, China},
 pages = {131--138},
 numpages = {8},
 url = {http://dl.acm.org/citation.cfm?id=1947873.1947886},
 acmid = {1947886},
 publisher = {Springer-Verlag},
 address = {Berlin, Heidelberg},
} 

@inproceedings{AbstractInterpretation,
 author = {Cousot, Patrick and Cousot, Radhia},
 title = {Abstract Interpretation: A Unified Lattice Model for Static Analysis of Programs by Construction or Approximation of Fixpoints},
 booktitle = {Proceedings of the 4th ACM SIGACT-SIGPLAN Symposium on Principles of Programming Languages},
 series = {POPL '77},
 year = {1977},
 location = {Los Angeles, California},
 pages = {238--252},
 numpages = {15},
 url = {http://doi.acm.org/10.1145/512950.512973},
 doi = {10.1145/512950.512973},
 acmid = {512973},
 publisher = {ACM},
 address = {New York, NY, USA},
}

@inproceedings{Tomita,
 author = {Tomita, Masaru},
 title = {An Efficient Context-free Parsing Algorithm for Natural Languages},
 booktitle = {Proceedings of the 9th International Joint Conference on Artificial Intelligence - Volume 2},
 series = {IJCAI'85},
 year = {1985},
 isbn = {0-934613-02-8, 978-0-934-61302-6},
 location = {Los Angeles, California},
 pages = {756--764},
 numpages = {9},
 url = {http://dl.acm.org/citation.cfm?id=1623611.1623625},
 acmid = {1623625},
 publisher = {Morgan Kaufmann Publishers Inc.},
 address = {San Francisco, CA, USA},
} 

@book{JSP,
 author = {Hougland, Damon and Tavistock, Aaron},
 title = {Core JSP},
 year = {2000},
 isbn = {0130882488},
 publisher = {Prentice Hall PTR},
 address = {Upper Saddle River, NJ, USA},
}

@MISC{SPPF,
    author = {Jan Rekers},
    title = {Parser Generation for Interactive Environments},
    year = {1992}
}

@book{Grune,
 author = {Grune, Dick and Jacobs, Ceriel J. H.},
 title = {Parsing Techniques: A Practical Guide},
 year = {1990},
 isbn = {0-13-651431-6},
 publisher = {Ellis Horwood},
 address = {Upper Saddle River, NJ, USA},
}

@book{Dragon,
 author = {Aho, Alfred V. and Sethi, Ravi and Ullman, Jeffrey D.},
 title = {Compilers: Principles, Techniques, and Tools},
 year = {1986},
 isbn = {0-201-10088-6},
 publisher = {Addison-Wesley Longman Publishing Co., Inc.},
 address = {Boston, MA, USA},
} 

@MISC{Economopoulos06generalisedlr,
    author = {Giorgios Robert Economopoulos},
    title = {Generalised LR parsing algorithms},
    year = {2006}
}

@MISC{DSQLQualityMesureBIG,
    author = {Huib J. van den Brink},
    title = {A Framework to Distil SQL Queries Out of Host Languages in Order to Apply Quality Metrics},
    year = {2007}
}

@article{GLL,
 author = {Scott, Elizabeth and Johnstone, Adrian},
 title = {GLL Parsing},
 journal = {Electron. Notes Theor. Comput. Sci.},
 volume = {253},
 number = {7},
 month = sep,
 year = {2010},
 issn = {1571-0661},
 pages = {177--189},
 numpages = {13},
 url = {http://dx.doi.org/10.1016/j.entcs.2010.08.041},
 doi = {10.1016/j.entcs.2010.08.041},
 acmid = {1860320},
 publisher = {Elsevier Science Publishers B. V.},
 address = {Amsterdam, The Netherlands, The Netherlands},
 keywords = {RNGLR and RIGLR parsing, context free languages, generalised parsing, recursive descent},
} 

@inproceedings{SQLInjection,
 author = {Fu, Xiang and Lu, Xin and Peltsverger, Boris and Chen, Shijun and Qian, Kai and Tao, Lixin},
 title = {A Static Analysis Framework For Detecting SQL Injection Vulnerabilities},
 booktitle = {Proceedings of the 31st Annual International Computer Software and Applications Conference - Volume 01},
 series = {COMPSAC '07},
 year = {2007},
 isbn = {0-7695-2870-8},
 pages = {87--96},
 numpages = {10},
 url = {http://dx.doi.org/10.1109/COMPSAC.2007.43},
 doi = {10.1109/COMPSAC.2007.43},
 acmid = {1299784},
 publisher = {IEEE Computer Society},
 address = {Washington, DC, USA},
}

@inproceedings{Dasgupta:2009:SAF:1546683.1547548,
 author = {Dasgupta, Arjun and Narasayya, Vivek and Syamala, Manoj},
 title = {A Static Analysis Framework for Database Applications},
 booktitle = {Proceedings of the 2009 IEEE International Conference on Data Engineering},
 series = {ICDE '09},
 year = {2009},
 isbn = {978-0-7695-3545-6},
 pages = {1403--1414},
 numpages = {12},
 url = {http://dx.doi.org/10.1109/ICDE.2009.98},
 doi = {10.1109/ICDE.2009.98},
 acmid = {1547548},
 publisher = {IEEE Computer Society},
 address = {Washington, DC, USA},
 keywords = {Static analysis, database applications, SQLinjection, workload},
} 

@article{BRNGLR,
 author = {Scott, Elizabeth and Johnstone, Adrian and Economopoulos, Rob},
 title = {BRNGLR: A Cubic Tomita-style GLR Parsing Algorithm},
 journal = {Acta Inf.},
 volume = {44},
 number = {6},
 month = sep,
 year = {2007},
 issn = {0001-5903},
 pages = {427--461},
 numpages = {35},
 url = {http://dx.doi.org/10.1007/s00236-007-0054-z},
 doi = {10.1007/s00236-007-0054-z},
 acmid = {1289815},
 publisher = {Springer-Verlag New York, Inc.},
 address = {Secaucus, NJ, USA},
} 

@article{RIGLR,
 author = {Scott, Elizabeth and Johnstone, Adrian},
 title = {Generalized Bottom Up Parsers With Reduced Stack Activity},
 journal = {Comput. J.},
 volume = {48},
 number = {5},
 month = sep,
 year = {2005},
 issn = {0010-4620},
 pages = {565--587},
 numpages = {23},
 url = {http://dx.doi.org/10.1093/comjnl/bxh102},
 doi = {10.1093/comjnl/bxh102},
 acmid = {1095016},
 publisher = {Oxford University Press},
 address = {Oxford, UK},
} 

@inproceedings{Alvor2,
               author = {Annamaa, Aivar and Breslav, Andrey and Vene, Varmo},
               title = {Using Abstract Lexical Analysis and Parsing to Detect Errors in String-Embedded DSL Statements},
               booktitle = {Proceedings of the 22nd Nordic Workshop on Programming Theory},
               year = {2010},
               pages = {20--22},
} 

@misc{DSQLISO,
      author    = {ISO. ISO/IEC 9075:1992},
      title     = {Information technology --- Database languages --- SQL},
      year      = {1992}
}

@article{YCArticle,
 author = {Kirilenko, Iakov and Grigorev, Semen and Avdiukhin, Dmitriy },
 title = {Syntax Analyzers Development in Automated Reengineering of Informational System},
 journal = {St. Petersburg State Polytechnical University Journal. Computer Science. Telecommunications and Control Systems},
 volume = {174},
 number = {3},
 year = {2013},
 pages = {94--98},
 numpages = {4},
 publisher = {IEEE Computer Society}
} 

@online{PHPmySQL,
      title = {PHP mySQL interface},
      url   = {http://php.net/manual/en/mysqli.query.php},
      urldate = {11.06.2015}
}

@online{SQLWays,
      title = {SQL Ways},
      url   = {http://www.ispirer.com/products},
      urldate = {11.06.2015}
}

@online{PLSQLDeveloper,
      title = {PL/SQL Developer},
      url   = {http://www.allroundautomations.com/plsqldev.html},
      urldate = {11.06.2015}
}

@online{SwissSQL,
      title = {SwissSQL},
      url   = {http://www.swissql.com/},
      urldate = {11.06.2015}
}

@inproceedings
{Varis,
    author = {Hung Viet Nguyen and Christian K{\"a}stner and Tien N. Nguyen},
    title = {Varis: IDE Support for Embedded Client Code in PHP Web Applications},
    booktitle = {Proceedings of the 37th International Conference on Software Engineering (ICSE)},
	year = {2015},
	note = {Formal Demonstration paper},
	publisher = {ACM Press},
	address = {New York, NY},
	month = may,
}

@online{FsLex,
    title        = {Сайт проекта FsLex},
    url          = {http://fsprojects.github.io/FsLexYacc/ },
    urldate = {11.06.2015}
}


@online{JFlex,
    title        = {Сайт проекта JFlex},
    url          = {http://jflex.de/},
    urldate = {11.06.2015}
}


@online{AlvorUrl,
    title        = "Сайт проекта Alvor",
    url          = { http://code.google.com/p/alvor/ },
    urldate = {11.06.2015}
}

@online{PHPSAUrl,
    title        = "Сайт проекта PHP String Analyzer",
    url          = { http://www.score.cs.tsukuba.ac.jp/~minamide/phpsa/ },
    urldate = {11.06.2015}
}

@online{JSAUrl,
    title        = "Сайт проекта Java String Analyzer",
    url          = { http://www.brics.dk/JSA/ },
    urldate = {11.06.2015}
}

@online{MONAUrl,
    title        = "Сайт проекта MONA",
    url          = { http://www.brics.dk/mona/ },
    urldate = {11.06.2015}
}

@online{YCUrl,
    title        = "Сайт проекта YaccConstructor",
    url          = { https://github.com/YaccConstructor/ },
    urldate = {11.06.2015}
}

@online{ReSharper,
      title        = "Сайт проекта ReSharper",
      url          = { https://www.jetbrains.com/resharper/ },
      urldate = {11.06.2015}
}

@online{ReSharperSDK,
      title        = "Официальная документация проекта ReSharper SDK",
      url          = { https://www.jetbrains.com/resharper/devguide/README.html },
      urldate = {11.06.2015}
}

@online{QuickGraph,
      title        = "Сайт проекта QuickGraph",
      url          = { https://quickgraph.codeplex.com/ },
      urldate = {11.06.2015}
}

@online{Graphviz,
      title        = "Сайт проекта Graphviz",
      url          = { http://www.graphviz.org/ },
      urldate = {11.06.2015}
}
    
@online{IntelliLang,
      title        = "Сайт плагина IntelliLang",
      url          = { https://www.jetbrains.com/idea/help/intellilang.html },
      urldate = {11.06.2015}
}    


@online{PHPStorm,
      title        = "Сайт интегрированной среды разработки PHPStorm",
      url          = { https://www.jetbrains.com/phpstorm/ },
      urldate = {11.06.2015}
}    

@inproceedings{Syrcose,
               author = {Grigorev, Semen and Kirilenko, Iakov },
               title = {From Abstract Parsing to Abstract Translation},
               booktitle = {Preliminary Proceedings of the 8th Spring/Summer Young Researchers Colloquium on Software Engineering},
               year = {2013},
               pages = {135--139},
} 


@inproceedings{DSQLReverseEngineering,
 author = {Cleve, Anthony and Hainaut, Jean-Luc},
 title = {Dynamic Analysis of SQL Statements for Data-Intensive Applications Reverse Engineering},
 booktitle = {Proceedings of the 2008 15th Working Conference on Reverse Engineering},
 series = {WCRE '08},
 year = {2008},
 isbn = {978-0-7695-3429-9},
 pages = {192--196},
 numpages = {5},
 url = {http://dx.doi.org/10.1109/WCRE.2008.38},
 doi = {10.1109/WCRE.2008.38},
 acmid = {1448048},
 publisher = {IEEE Computer Society},
 address = {Washington, DC, USA},
 keywords = {Dynamic analysis, SQL, aspects, data reverse engineering, program comprehension},
} 

@incollection{DSQLSemaFRecovery,
 author = {Cleve, Anthony and Meurisse, Jean-Roch and Hainaut, Jean-Luc},
 chapter = {Database Semantics Recovery Through Analysis of Dynamic SQL Statements},
 title = {Journal on Data Semantics XV},
 editor = {Spaccapietra, Stefano},
 year = {2011},
 isbn = {978-3-642-22629-8},
 pages = {130--157},
 numpages = {28},
 url = {http://dl.acm.org/citation.cfm?id=2028156.2028162},
 acmid = {2028162},
 publisher = {Springer-Verlag},
 address = {Berlin, Heidelberg},
} 

@InProceedings{JSA,
  author =       {Aske Simon Christensen and Anders M{\o}ller and Michael I. Schwartzbach},
  title =        {Precise Analysis of String Expressions},
  booktitle =    {Proc. 10th International Static Analysis Symposium (SAS)},
  year =         {2003},
  month =        {June},
  volume =       {2694},
  series =       {LNCS},
  publisher =    {Springer-Verlag},
  pages =        {1--18},
  note =         {Available from \texttt{\small http://www.brics.dk/JSA/}},
}

@inproceedings{PHPSA,
 author = {Minamide, Yasuhiko},
 title = {Static Approximation of Dynamically Generated Web Pages},
 booktitle = {Proceedings of the 14th International Conference on World Wide Web},
 series = {WWW '05},
 year = {2005},
 isbn = {1-59593-046-9},
 location = {Chiba, Japan},
 pages = {432--441},
 numpages = {10},
 url = {http://doi.acm.org/10.1145/1060745.1060809},
 doi = {10.1145/1060745.1060809},
 acmid = {1060809},
 publisher = {ACM},
 address = {New York, NY, USA},
 keywords = {HTML validation, context-free grammars, cross-site scripting, server-side scripting, static analysis},
} 

@book{SoftwareMetrics,
 author = {Fenton, Norman and Pfleeger, Shari Lawrence},
 title = {Software Metrics (2Nd Ed.): A Rigorous and Practical Approach},
 year = {1997},
 isbn = {0-534-95600-9},
 publisher = {PWS Publishing Co.},
 address = {Boston, MA, USA},
}

@article{FSA,
    author = {Andrew M. Pitts},
    title = {Lecture Notes on Regular Languages and Finite Automata for Part IA of the Computer Science Tripos},
    institution = {Cambridge University Computer Laboratory},
    year = {2010},
}

@conference{FST,
    author = {Thomas Hanneforth},
    title = {Finite-state Machines: Theory and Applications Unweighted Finite-state Automata},
    organization = {Institut fur Linguistik Universitat Potsdam},
    year = {2010},
}

@ARTICLE{ chomsky,
AUTHOR = "Noam Chomsky",
TITLE = "Three models for the description of language",
JOURNAL = "IRE Transactions on Information Theory",
PAGES = {113-124},
YEAR = {1956},
  }
  
@MISC{StringAnalysis,
    author = {Fang Yu and Marco Cova},
    title = {String Analysis},
    year = {}
}
