@inproceedings{ScalaGraphParsing,
 author = {Kr\"{o}ni, Daniel and Schweizer, Raphael},
 title = {Parsing Graphs: Applying Parser Combinators to Graph Traversals},
 booktitle = {Proceedings of the 4th Workshop on Scala},
 series = {SCALA '13},
 year = {2013},
 isbn = {978-1-4503-2064-1},
 location = {Montpellier, France},
 pages = {7:1--7:4},
 articleno = {7},
 numpages = {4},
 url = {http://doi.acm.org/10.1145/2489837.2489844},
 doi = {10.1145/2489837.2489844},
 acmid = {2489844},
 publisher = {ACM},
 address = {New York, NY, USA},
 keywords = {Scala, domain specific language, graph database, graph traversal, parser combinators},
} 

@inproceedings{Meerkat,
 author = {Izmaylova, Anastasia and Afroozeh, Ali and Storm, Tijs van der},
 title = {Practical, General Parser Combinators},
 booktitle = {Proceedings of the 2016 ACM SIGPLAN Workshop on Partial Evaluation and Program Manipulation},
 series = {PEPM '16},
 year = {2016},
 isbn = {978-1-4503-4097-7},
 location = {St. Petersburg, FL, USA},
 pages = {1--12},
 numpages = {12},
 url = {http://doi.acm.org/10.1145/2847538.2847539},
 doi = {10.1145/2847538.2847539},
 acmid = {2847539},
 publisher = {ACM},
 address = {New York, NY, USA},
 keywords = {Parser combinators, continuation-passing style, general parsing, higher-order functions, left recursion, memoization},
} 

@article{scott2010gll,
  title={GLL parsing},
  author={Scott, Elizabeth and Johnstone, Adrian},
  journal={Electronic Notes in Theoretical Computer Science},
  volume={253},
  number={7},
  pages={177--189},
  year={2010},
  publisher={Elsevier}
}

@article{ConjCFPathQuery,
  title={Conjunctive context-free path queries},
  author={Hellings, Jelle},
  year={2014}
}

@phdthesis{SPPF,
  title={Parser generation for interactive environments},
  author={Rekers, Joan Gerard},
  year={1992},
  school={Universiteit van Amsterdam}
}

@inproceedings{CFGonRDF,
  title={Context-free path queries on RDF graphs},
  author={Zhang, Xiaowang and Feng, Zhiyong and Wang, Xin and Rao, Guozheng and Wu, Wenrui},
  booktitle={International Semantic Web Conference},
  pages={632--648},
  year={2016},
  publisher={Springer}
}

@misc{FndDB,
  title={Foundations of Databases},
  author={Abiteboul, Serge and Hull, Richard and Vianu, Victor},
  publisher={Addison-Wesley, Reading, MA},
  year={1995}
}

@article{Hellings16,
  author    = {Jelle Hellings},
  title     = {Path Results for Context-free Grammar Queries on Graphs},
  journal   = {CoRR},
  volume    = {abs/1502.02242},
  year      = {2015},
  url       = {http://arxiv.org/abs/1502.02242},
  timestamp = {Mon, 02 Mar 2015 14:17:34 +0100},
  biburl    = {http://dblp.uni-trier.de/rec/bib/journals/corr/Hellings15},
  bibsource = {dblp computer science bibliography, http://dblp.org}
}

@article{GrigorevR16,
  author    = {Semyon Grigorev and
               Anastasiya Ragozina},
  title     = {Context-Free Path Querying with Structural Representation of Result},
  journal   = {CoRR},
  volume    = {abs/1612.08872},
  year      = {2016},
  url       = {http://arxiv.org/abs/1612.08872},
  timestamp = {Mon, 02 Jan 2017 11:09:15 +0100},
  biburl    = {http://dblp.uni-trier.de/rec/bib/journals/corr/GrigorevR16},
  bibsource = {dblp computer science bibliography, http://dblp.org}
}

@inproceedings{Yannakakis,
  title={Graph-theoretic methods in database theory},
  author={Yannakakis, Mihalis},
  booktitle={Proceedings of the ninth ACM SIGACT-SIGMOD-SIGART symposium on Principles of database systems},
  pages={230--242},
  year={1990},
  organization={ACM}
}
