@book{book:expression,
  title      = {GLR-based abstract parsing},
  author     = {Grigorev Semen, Kirilenko Iakov},
  lccn       = {66051327},
  series     = {Proceedings of the 9th Central \& Eastern European Software Engineering Conference in Russia},
  url        = {http://dl.acm.org/citation.cfm?id=2556616},
  year       = {2013},
  eprint     = {http://dl.acm.org/citation.cfm?id=2556616},
  eprinttype = {ACM}
}
@online{wiki:YC,
  author       = "IO Github",
  title        = "Проект YaccConstructor",
  howpublished = "Основная страница проекта",
  year         = 2012,
  url          = {http://yaccconstructor.github.io/YaccConstructor/index.html},
  %urldate      = "08.04.2014",
  language     = "russian"
  %ВОт тут клевый баг. Для автора он меняет слова местами:) UPD: Притом не все, а только последнее слово и всё фразу!
}
@online{wiki:YCPap,
  author       = "Кириленко Я.А., Григорьев С.В., Авдюхин Д.А.",
  title        = "Разработка синтаксических анализаторов в проектах по автоматизированному реинжинирингу информационных системr",
  howpublished = "Конференция Microsoft",
  year         = 2013,
  url          = {http://yaccconstructor.github.io/YaccConstructor/index.html},
  %urldate      = "08.04.2014",
  language     = "russian"
}
@online{wiki:Plugin,
  author       = "	Semen Grigorev Ekaterina Verbitskaia Andrei Ivanov Marina Polubelova Ekaterina Mavchun",
  title        = "String-embedded language support in integrated development environment",
  howpublished = "Proceedings of the 10th Central and Eastern European Software Engineering Conference in Russia",
  year         = 2014,
  url          = {http://dl.acm.org/citation.cfm?id=2687233.2687247},
  %urldate      = "08.04.2014",
  language     = "russian"
}
@online{wiki:GraphX,
  author       = "Panthernet",
  title        = "Проект GraphX",
  howpublished = "Основная страница проекта",
  year         = 2011,
  url          = {http://ntv.spbstu.ru/telecom/article/T3.174.2013_11/},
  %urldate      = "08.04.2014",
  language     = "russian"
}