@inproceedings{Tomita,
    author = {Tomita, Masaru},
    title = {An Efficient Context-free Parsing Algorithm for Natural Languages},
    booktitle = {Proceedings of the 9th International Joint Conference on Artificial Intelligence - Volume 2},
    series = {IJCAI'85},
    year = {1985},
    isbn = {0-934613-02-8, 978-0-934-61302-6},
    location = {Los Angeles, California},
    pages = {756--764},
    numpages = {9},
    acmid = {1623625},
    publisher = {Morgan Kaufmann Publishers Inc.},
    address = {San Francisco, CA, USA},
} 

@inproceedings{RelaxedARNGLR,
 author = {Verbitskaia, E. and Grigorev, S. and Avdyukhin, D.},
 title = {Relaxed Parsing of Regular Approximations of String-Embedded Languages},
 booktitle = {Preliminary Proceedings of the PSI 2015: 10th International Andrei Ershov Memorial Conference},
 series = {PSI'15},
 year = {2015},
 location = {Kazan, Russia},
 pages = {1--12},
 numpages = {12},
} 

@article{rnglr,
 author = {Scott, Elizabeth and Johnstone, Adrian},
 title = {Right Nulled GLR Parsers},
 journal = {ACM Trans. Program. Lang. Syst.},
 issue_date = {July 2006},
 volume = {28},
 number = {4},
 month = {jul},
 year = {2006},
 issn = {0164-0925},
 pages = {577--618},
 numpages = {42},
 url = {http://doi.acm.org/10.1145/1146809.1146810},
 doi = {10.1145/1146809.1146810},
 acmid = {1146810},
 publisher = {ACM},
 address = {New York, NY, USA},
 keywords = {General context-free grammars, generalized LR parsing},
} 

@article{riglr,
 author = {Scott, Elizabeth and Johnstone, Adrian},
 title = {Generalized Bottom Up Parsers With Reduced Stack Activity},
 journal = {Comput. J.},
 issue_date = {September 2005},
 volume = {48},
 number = {5},
 month = {sep},
 year = {2005},
 issn = {0010-4620},
 pages = {565--587},
 numpages = {23},
 url = {http://dx.doi.org/10.1093/comjnl/bxh102},
 doi = {10.1093/comjnl/bxh102},
 acmid = {1095016},
 publisher = {Oxford University Press},
 address = {Oxford, UK},
} 

@MISC{sppf,
    author = {Jan Rekers},
    title = {Parser Generation for Interactive Environments},
    year = {1992}
}

@MISC{glrs,
    author = {Giorgios Robert Economopoulos},
    title = {Generalised LR parsing algorithms},
    year = {2006}
}

@online{YC,
  title        = "YaccConstructor",
  url          = {http://yaccconstructor.github.io/YaccConstructor/},
  urldate      = "04.09.2016",
}

@online{rnglr,
    title = "RNGLR",
    url = {},
}

@inproceedings{NSE,
 author = {Anselmo, Marcella and Giammarresi, Dora and Varricchio, Stefano},
 title = {Finite Automata and Non-self-embedding Grammars},
 booktitle = {Proceedings of the 7th International Conference on Implementation and Application of Automata},
 series = {CIAA'02},
 year = {2003},
 isbn = {3-540-40391-4},
 location = {Tours, France},
 pages = {47--56},
 numpages = {10},
 url = {http://dl.acm.org/citation.cfm?id=1756384.1756390},
 acmid = {1756390},
 publisher = {Springer-Verlag},
 address = {Berlin, Heidelberg},
} 