@article{GLL,
	title={Context-Free Path Querying with Structural Representation of Result},
	author={Grigorev, Semyon and Ragozina, Anastasiya},
	journal={arXiv preprint arXiv:1612.08872},
	year={2016}
}

@article{valiant,
	title={General context-free recognition in less than cubic time},
	author={Valiant, Leslie G},
	journal={Journal of computer and system sciences},
	volume={10},
	number={2},
	pages={308--315},
	year={1975},
	publisher={Elsevier}
}

@inproceedings{RDF,
	author={Zhang, X. and Feng, Z. and Wang, X. and Rao, G. and Wu, W.},
	title={Context-free path queries on RDF graphs},
	booktitle={International Semantic Web Conference},
	pages={632--648},
	year={2016},
	organization={Springer}
}

@inproceedings{hellingsRelational,
	title={Conjunctive context-free path queries},
	author={Hellings, Jelle},
	booktitle={Proceedings of ICDT'14},
	pages={119--130},
	year={2014}
}