@article{Okhotin:2014:PMM:2565359.2565379,
 author = {Okhotin, Alexander},
 title = {Parsing by Matrix Multiplication Generalized to Boolean Grammars},
 journal = {Theor. Comput. Sci.},
 issue_date = {January, 2014},
 volume = {516},
 month = jan,
 year = {2014},
 issn = {0304-3975},
 pages = {101--120},
 numpages = {20},
 url = {http://dx.doi.org/10.1016/j.tcs.2013.09.011},
 acmid = {2565379},
 publisher = {Elsevier Science Publishers Ltd.},
 address = {Essex, UK},
 keywords = {Boolean grammars, Conjunctive grammars, Context-free grammars, Matrix multiplication, Parsing},
}

@article{zier2013rna,
  title={RNA pseudoknot prediction through stochastic conjunctive grammars},
  author={Zier-Vogel, Ryan and Domaratzki, Michael},
  journal={Computability in Europe 2013. Informal Proceedings},
  pages={80--89},
  year={2013},
  publisher={Citeseer}
}

@article{rivas2000language,
  title={The language of RNA: a formal grammar that includes pseudoknots},
  author={Rivas, Elena and Eddy, Sean R},
  journal={Bioinformatics},
  volume={16},
  number={4},
  pages={334--340},
  year={2000},
  publisher={Oxford University Press}
}

@article{knudsen1999rna,
  title={RNA secondary structure prediction using stochastic context-free grammars and evolutionary history.},
  author={Knudsen, Bjarne and Hein, Jotun},
  journal={Bioinformatics (Oxford, England)},
  volume={15},
  number={6},
  pages={446--454},
  year={1999}
}

@article{dowell2004evaluation,
  title={Evaluation of several lightweight stochastic context-free grammars for RNA secondary structure prediction},
  author={Dowell, Robin D and Eddy, Sean R},
  journal={BMC bioinformatics},
  volume={5},
  number={1},
  pages={71},
  year={2004},
  publisher={BioMed Central}
}

@article{kasami1966efficient,
  title={An efficient recognition and syntax-analysis algorithm for context-free languages},
  author={Kasami, Tadao},
  journal={Coordinated Science Laboratory Report no. R-257},
  year={1966},
  publisher={Coordinated Science Laboratory, University of Illinois at Urbana-Champaign}
}

@inproceedings{Younger:1966:CLP:1441427.1442019,
 author = {Younger, Daniel H.},
 title = {Context-free Language Processing in Time N3},
 booktitle = {Proceedings of the 7th Annual Symposium on Switching and Automata Theory (Swat 1966)},
 series = {SWAT '66},
 year = {1966},
 pages = {7--20},
 numpages = {14},
 url = {https://doi.org/10.1109/SWAT.1966.7},
 acmid = {1442019},
 publisher = {IEEE Computer Society},
 address = {Washington, DC, USA},
}

@book{durbin1996biological,
  title={Biological sequence analysis},
  author={Durbin, Richard and Eddy, Sean and Krogh, Anders and Mitchison, G},
  year={1996},
  publisher={Cambridge University Press}
}

@article{Valiant:1975:GCR:1739932.1740048,
 author = {Valiant, Leslie G.},
 title = {General Context-free Recognition in Less Than Cubic Time},
 journal = {J. Comput. Syst. Sci.},
 issue_date = {April, 1975},
 volume = {10},
 number = {2},
 month = apr,
 year = {1975},
 issn = {0022-0000},
 pages = {308--315},
 numpages = {8},
 url = {http://dx.doi.org/10.1016/S0022-0000(75)80046-8},
 acmid = {1740048},
 publisher = {Academic Press, Inc.},
 address = {Orlando, FL, USA},
}

@article{liu2005parallel,
  title={Parallel RNA secondary structure prediction using stochastic context-free grammars},
  author={Liu, Tong and Schmidt, Bertil},
  journal={Concurrency and Computation: Practice and Experience},
  volume={17},
  number={14},
  pages={1669--1685},
  year={2005},
  publisher={Wiley Online Library}
}

@book{hopcroft2008introduction,
  title={Introduction to automata theory, languages, and computation},
  author={Hopcroft, John E},
  year={2008},
  publisher={Pearson Education India}
}

@article{Albrecht_2010,
   title={Algorithm 898},
   volume={37},
   ISSN={0098-3500},
   DOI={10.1145/1644001.1644010},
   number={1},
   journal={ACM Transactions on Mathematical Software},
   publisher={Association for Computing Machinery (ACM)},
   author={Albrecht, Martin and Bard, Gregory and Hart, William},
   year={2010},
   month={Jan},
   pages={1â€“14}
}

@inproceedings{arlazarov1970economical,
  title={On economical construction of the transitive closure of an oriented graph},
  author={Arlazarov, Vladimir L'vovich and Dinitz, Yefim A and Kronrod, MA and Faradzhev, IgorAleksandrovich},
  booktitle={Doklady Akademii Nauk},
  volume={194},
  number={3},
  pages={487--488},
  year={1970},
  organization={Russian Academy of Sciences}
}

@conference{bioinformatics19,
author={Semyon Grigorev. and Polina Lunina.},
title={The Composition of Dense Neural Networks and Formal Grammars for Secondary Structure Analysis},
booktitle={Proceedings of the 12th International Joint Conference on Biomedical Engineering Systems and Technologies - Volume 3 BIOINFORMATICS: BIOINFORMATICS,},
year={2019},
pages={234-241},
publisher={SciTePress},
organization={INSTICC},
doi={10.5220/0007472302340241},
isbn={978-989-758-353-7},
}

@article{10.5555/543313.543323,
author = {Okhotin, Alexander},
title = {Conjunctive Grammars},
year = {2001},
issue_date = {April 2001},
publisher = {Otto-von-Guericke-Universitat},
address = {DEU},
volume = {6},
number = {4},
issn = {1430-189X},
journal = {J. Autom. Lang. Comb.},
month = apr,
pages = {519--535},
numpages = {17},
keywords = {parsing, intersection, conjuctive grammar, descriptional complexity, context-free grammar}
}