@article{GrigorevKirilenkoYC,
 author = {Kirilenko, Iakov and Grigorev, Semen and Avdiukhin, Dmitriy },
 title = {Syntax Analyzers Development in Automated Reengineering of Informational System},
 journal = {St. Petersburg State Polytechnical University Journal. Computer Science. Telecommunications and Control Systems},
 issue_date = {Juny 2006},
 volume = {174},
 number = {3},
 month = jun,
 year = {2013},
 %isbn = {978-0-7695-3545-6},
 pages = {94--98},
 numpages = {4},
 %url = {http://dx.doi.org/10.1109/ICDE.2009.98},
 publisher = {IEEE Computer Society},
 %address = {Washington, DC, USA},
} 

@mastersthesis{GrigorevDSQL,
    author    = {Grigorev, Semen},
    title     = {Automated transformation of dynamic SQL queries in information system reengineering},
    year     = {2012},
    school = {Saint-Petersburg State University}

}

@mastersthesis{AvdiukhinCourseGLR,
    author    = {Avdiukhin, Dmitriy},
    title     = {Implemantation of GLR parsers generator for .NET},
    year     = {2012},
    type = {Course work}
    school = {Saint-Petersburg State University}

}


@misc{SQLISO,
    author    = {ISO. ISO/IEC 9075:1992},
    title     = {Information technology --- Database languages --- SQL},
    year     = {1992}
}

Proceeding
Language: English
Year: 2010
Month: Nov
Series: TUCS General Publication
Editor: Waldén, Marina and Petre, Luigia
Number: 57
Publisher: Turku Centre for Computer Science


@inproceedings{AlvorConf,
 author = {Breslav, Andrey and Annamaa, Aivar and Vene, Varmo},
 title = {Using Abstract Lexical Analysis and Parsing to Detect Errors in String-embedded DSL Statements},
 booktitle = {Proceedings of the 22nd Nordic Workshop on Programming Theory},
 series = {TUCS General Publication},
 year = {2010},
 pages = {20--22},
 publisher = {Turku Centre for Computer Science},
 } 


@inproceedings{Doh:2009:APS:1615441.1615461,
 author = {Doh, Kyung-Goo and Kim, Hyunha and Schmidt, David A.},
 title = {Abstract Parsing: Static Analysis of Dynamically Generated String Output Using LR-Parsing Technology},
 booktitle = {Proceedings of the 16th International Symposium on Static Analysis},
 series = {SAS '09},
 year = {2009},
 isbn = {978-3-642-03236-3},
 location = {Los Angeles, CA},
 pages = {256--272},
 numpages = {17},
 url = {http://dx.doi.org/10.1007/978-3-642-03237-0_18},
 doi = {10.1007/978-3-642-03237-0_18},
 acmid = {1615461},
 publisher = {Springer-Verlag},
 address = {Berlin, Heidelberg},
} 

@article{Scott:2006:RNG:1146809.1146810,
 author = {Scott, Elizabeth and Johnstone, Adrian},
 title = {Right Nulled GLR Parsers},
 journal = {ACM Trans. Program. Lang. Syst.},
 issue_date = {July 2006},
 volume = {28},
 number = {4},
 month = jul,
 year = {2006},
 issn = {0164-0925},
 pages = {577--618},
 numpages = {42},
 url = {http://doi.acm.org/10.1145/1146809.1146810},
 doi = {10.1145/1146809.1146810},
 acmid = {1146810},
 publisher = {ACM},
 address = {New York, NY, USA},
 keywords = {General context-free grammars, generalized LR parsing},
} 

@book{Grune:2010:PTP:1951778,
 author = {Grune, Dick},
 title = {Parsing Techniques: A Practical Guide},
 year = {2010},
 isbn = {1441919015, 9781441919014},
 edition = {2nd},
 publisher = {Springer Publishing Company, Incorporated},
} 

@inproceedings{Annamaa:2010:ITA:1947873.1947886,
 author = {Annamaa, Aivar and Breslav, Andrey and Kabanov, Jevgeni and Vene, Varmo},
 title = {An Interactive Tool for Analyzing Embedded SQL Queries},
 booktitle = {Proceedings of the 8th Asian Conference on Programming Languages and Systems},
 series = {APLAS'10},
 year = {2010},
 isbn = {3-642-17163-X, 978-3-642-17163-5},
 location = {Shanghai, China},
 pages = {131--138},
 numpages = {8},
 url = {http://dl.acm.org/citation.cfm?id=1947873.1947886},
 acmid = {1947886},
 publisher = {Springer-Verlag},
 address = {Berlin, Heidelberg},
} 

@incollection{JSAArticle,
year={2003},
isbn={978-3-540-40325-8},
booktitle={Static Analysis},
volume={2694},
series={Lecture Notes in Computer Science},
editor={Cousot, Radhia},
doi={10.1007/3-540-44898-5_1},
title={Precise Analysis of String Expressions},
url={http://dx.doi.org/10.1007/3-540-44898-5_1},
publisher={Springer Berlin Heidelberg},
author={Christensen, AskeSimon and Møller, Anders and Schwartzbach, MichaelI.},
pages={1-18},
language={English}
}

@inproceedings{Minamide:2005:SAD:1060745.1060809,
 author = {Minamide, Yasuhiko},
 title = {Static Approximation of Dynamically Generated Web Pages},
 booktitle = {Proceedings of the 14th International Conference on World Wide Web},
 series = {WWW '05},
 year = {2005},
 isbn = {1-59593-046-9},
 location = {Chiba, Japan},
 pages = {432--441},
 numpages = {10},
 url = {http://doi.acm.org/10.1145/1060745.1060809},
 doi = {10.1145/1060745.1060809},
 acmid = {1060809},
 publisher = {ACM},
 address = {New York, NY, USA},
 keywords = {HTML validation, context-free grammars, cross-site scripting, server-side scripting, static analysis},
} 

@inproceedings{Dasgupta:2009:SAF:1546683.1547548,
 author = {Dasgupta, Arjun and Narasayya, Vivek and Syamala, Manoj},
 title = {A Static Analysis Framework for Database Applications},
 booktitle = {Proceedings of the 2009 IEEE International Conference on Data Engineering},
 series = {ICDE '09},
 year = {2009},
 isbn = {978-0-7695-3545-6},
 pages = {1403--1414},
 numpages = {12},
 url = {http://dx.doi.org/10.1109/ICDE.2009.98},
 doi = {10.1109/ICDE.2009.98},
 acmid = {1547548},
 publisher = {IEEE Computer Society},
 address = {Washington, DC, USA},
 keywords = {Static analysis, database applications, SQLinjection, workload},
} 

@inproceedings{Fu:2007:SAF:1299135.1299784,
 author = {Fu, Xiang and Lu, Xin and Peltsverger, Boris and Chen, Shijun and Qian, Kai and Tao, Lixin},
 title = {A Static Analysis Framework For Detecting SQL Injection Vulnerabilities},
 booktitle = {Proceedings of the 31st Annual International Computer Software and Applications Conference - Volume 01},
 series = {COMPSAC '07},
 year = {2007},
 isbn = {0-7695-2870-8},
 pages = {87--96},
 numpages = {10},
 url = {http://dx.doi.org/10.1109/COMPSAC.2007.43},
 doi = {10.1109/COMPSAC.2007.43},
 acmid = {1299784},
 publisher = {IEEE Computer Society},
 address = {Washington, DC, USA},
} 

