@article{mirsky2017slim,
  title={SLIM: Semi-lazy inference mechanism for plan recognition},
  author={Mirsky, Retuh and others},
  journal={arXiv preprint arXiv:1703.00838},
  year={2017}
}
@article{scott2010gll,
  title={GLL parsing},
  author={Scott, Elizabeth and Johnstone, Adrian},
  journal={Electronic Notes in Theoretical Computer Science},
  volume={253},
  number={7},
  pages={177--189},
  year={2010},
  publisher={Elsevier}
}
@article{maraist2016,
  title={String Shuffling over a Gap between Parsing and Plan Recognition},
  author={Maraist, John},
  year={2016}
}
@inproceedings{BlaylockandAllen2006,
  title={Fast hierarchical goal schema recognition},
  author={Blaylock, Nate and Allen, James},
  booktitle={Proceedings of the National Conference on Artificial Intelligence},
  volume={21},
  number={1},
  pages={796},
  year={2006},
  organization={Menlo Park, CA; Cambridge, MA; London; AAAI Press; MIT Press; 1999}
}

@article{CharniakandGoldman,
	title={Plan recognition in stories and in life},
	author={Charniak, Eugene and Goldman, Robert P},
	journal={arXiv preprint arXiv:1304.1497},
	year={2013}
}

@article{NgandMooney1992,
	title={Abductive Plan Recognition and Diagnosis: A Comprehensive Empirical Evaluation.},
	author={Ng, Hwee Tou and Mooney, Raymond J},
	journal={KR},
	volume={92},
	pages={499--508},
	year={1992}
}

@article{AmirandGal2013,
	title={Plan recognition and visualization in exploratory learning environments},
	author={Amir, Ofra and Gal, Ya’akov Kobi},
	journal={ACM Transactions on Interactive Intelligent Systems (TiiS)},
	volume={3},
	number={3},
	pages={16},
	year={2013},
	publisher={ACM}
}

@article{Uzan2015,
	title={Plan recognition for exploratory learning environments using interleaved temporal search},
	author={Uzan, Oriel and Dekel, Reuth and Seri, Or and others},
	journal={AI Magazine},
	volume={36},
	number={2},
	pages={10--21},
	year={2015}
}

@inproceedings{Bisson2011,
	title={Provoking Opponents to Facilitate the Recognition of their Intentions.},
	author={Bisson, Francis and Kabanza, Froduald and Benaskeur, Abder Rezak and Irandoust, Hengameh},
	booktitle={AAAI},
	year={2011}
}

@inproceedings{QinandLee2004,
	title={Attack plan recognition and prediction using causal networks},
	author={Qin, Xinzhou and Lee, Wenke},
	booktitle={Computer Security Applications Conference, 2004. 20th Annual},
	pages={370--379},
	year={2004},
	organization={IEEE}
}

@inproceedings{WisemanandShieber2014,
	title={Discriminatively Reranking Abductive Proofs for Plan Recognition.},
	author={Wiseman, Sam and Shieber, Stuart M},
	booktitle={ICAPS},
	year={2014}
}

@inproceedings{Kabanza2013,
	title={Controlling the Hypothesis Space in Probabilistic Plan Recognition.},
	author={Kabanza, Froduald and Filion, Julien and Benaskeur, Abder Rezak and Irandoust, Hengameh},
	booktitle={IJCAI},
	pages={2306--2312},
	year={2013}
}

@article{BERGLUND20131,
	title = "Shuffled languages—Representation and recognition",
	journal = "Theoretical Computer Science",
	volume = "489-490",
	pages = "1 - 20",
	year = "2013",
	issn = "0304-3975",
	doi = "https://doi.org/10.1016/j.tcs.2013.04.022",
	author = "Martin Berglund and Henrik Björklund and Johanna Björklund",
	keywords = "Interleaving, Shuffle languages, Membership problems"
}

@inproceedings{Mirsky2016,
	title={Sequential plan recognition},
	author={Mirsky, Reuth and Gal, Ya'akov Kobi and Stern, Roni and Kalech, Meir},
	booktitle={Proceedings of the 2016 International Conference on Autonomous Agents \& Multiagent Systems},
	pages={1347--1348},
	year={2016},
	organization={International Foundation for Autonomous Agents and Multiagent Systems}
}
@article{GLLSPPF,
	title = "GLL parse-tree generation",
	journal = "Science of Computer Programming",
	volume = "78",
	number = "10",
	pages = "1828 - 1844",
	year = "2013",
	issn = "0167-6423",
	doi = "https://doi.org/10.1016/j.scico.2012.03.005",
	author = "Elizabeth Scott and Adrian Johnstone",
	keywords = "Generalised parsing, Recursive descent, GLL parsing, RNGLR and RIGLR parsing, Context free languages"
}

@mastersthesis{ragozina,
	author = {Anastasiya Ragozina},
	title  = {{GLL}-based relaxed parsing of dynamically generated code},
	school = {SpBU},
	type   = {Master’s Thesis},
	year   = {2016}
}
@online{YCUrl,
    title        = "YaccConstructor [Репозиторий проекта]",
    url          = {https://github.com/YaccConstructor/ },
    urldate = {20.04.2018},
      language = "russian",
}
@online{Z3,
    title        = "Z3 [Репозиторий проекта]",
    url          = {https://github.com/Z3Prover/z3 },
    urldate = {20.04.2018},
      language = "russian",
}
@book{satSolvers,
 author = {Biere, A. and Biere, A. and Heule, M. and van Maaren, H. and Walsh, T.},
 title = {Handbook of Satisfiability: Volume 185 Frontiers in Artificial Intelligence and Applications},
 year = {2009},
 isbn = {1586039296, 9781586039295},
 publisher = {IOS Press},
 address = {Amsterdam, The Netherlands, The Netherlands},
} 