%% It is just an empty TeX file.
%% Write your code here.

@Inbook{smolina-spbgetu-sppf,
author="Afroozeh, Ali
and Izmaylova, Anastasia",
editor="Franke, Bj{\"o}rn",
title="Faster, Practical GLL Parsing",
bookTitle="Compiler Construction: 24th International Conference, CC 2015, Held as Part of the European Joint Conferences on Theory and Practice of Software, ETAPS 2015, London, UK, April 11-18, 2015, Proceedings",
year="2015",
publisher="Springer Berlin Heidelberg",
address="Berlin, Heidelberg",
pages="89--108",
isbn="978-3-662-46663-6",
doi="10.1007/978-3-662-46663-6_5",
url="http://dx.doi.org/10.1007/978-3-662-46663-6_5"
}

@inproceedings{smolina-spbgetu-meerkat,
 author = {Izmaylova, Anastasia and Afroozeh, Ali and Storm, Tijs van der},
 title = {Practical, General Parser Combinators},
 booktitle = {Proceedings of the 2016 ACM SIGPLAN Workshop on Partial Evaluation and Program Manipulation},
 series = {PEPM '16},
 year = {2016},
 isbn = {978-1-4503-4097-7},
 location = {St. Petersburg, FL, USA},
 pages = {1--12},
 numpages = {12},
 url = {http://doi.acm.org/10.1145/2847538.2847539},
 doi = {10.1145/2847538.2847539},
 acmid = {2847539},
 publisher = {ACM},
 address = {New York, NY, USA},
} 

@article{smolina-spbgetu-graph-parsing,
  title={Context-Free Path Querying with Structural Representation of Result},
  author={Grigorev, Semyon and Ragozina, Anastasiya},
  journal={arXiv preprint arXiv:1612.08872},
  year={2016}
}

@article{smolina-spbgetu-hellings,
  title={Conjunctive context-free path queries},
  author={Hellings, J.},
  year={2014}
}

@article{smolina-spbgetu-sevon,
  title={Subgraph queries by context-free grammars},
  author={Sevon, Petteri and Eronen, Lauri},
  journal={Journal of Integrative Bioinformatics},
  volume={5},
  number={2},
  pages={100},
  year={2008}
} 