@inproceedings{azimov2018context,
	title={Context-free path querying by matrix multiplication},
	author={Azimov, Rustam and Grigorev, Semyon},
	booktitle={Proceedings of the 1st ACM SIGMOD Joint International Workshop on Graph Data Management Experiences \& Systems (GRADES) and Network Data Analytics (NDA)},
	pages={5},
	year={2018},
	organization={ACM}
}

@inproceedings{RDF,
  author={Zhang, X. and Feng, Z. and Wang, X. and Rao, G. and Wu, W.},
  title={Context-free path queries on RDF graphs},
  booktitle={International Semantic Web Conference},
  pages={632--648},
  year={2016},
  organization={Springer}
}

@article{hellingsRelational,
  title={Conjunctive context-free path queries},
  author={Hellings, J.},
  year={2014}
}

@article{hellingsPathQuerying,
  title={Querying for Paths in Graphs using Context-Free Path Queries},
  author={Hellings, Jelle},
  journal={arXiv preprint arXiv:1502.02242},
  year={2015}
}

@article{GLL,
  title={Context-Free Path Querying with Structural Representation of Result},
  author={Grigorev, Semyon and Ragozina, Anastasiya},
  journal={arXiv preprint arXiv:1612.08872},
  year={2016}
}

@techreport{kasami,
  title={AN EFFICIENT RECOGNITION AND SYNTAXANALYSIS ALGORITHM FOR CONTEXT-FREE LANGUAGES.},
  author={Kasami, Tadao},
  year={1965},
  institution={DTIC Document}
}

@article{younger,
  title={Recognition and parsing of context-free languages in time n3},
  author={Younger, Daniel H},
  journal={Information and control},
  volume={10},
  number={2},
  pages={189--208},
  year={1967},
  publisher={Elsevier}
}

@book{fsharp,
  title={Expert F\# 3.0},
  author={Syme, Don and Granicz, Adam and Cisternino, Antonio},
  year={2012},
  publisher={Springer}
}

@article{okhotin_cyk,
  title={Parsing by matrix multiplication generalized to Boolean grammars},
  author={Okhotin, Alexander},
  journal={Theoretical Computer Science},
  volume={516},
  pages={101--120},
  year={2014},
  publisher={Elsevier}
}

@article{okhotinBoolean,
  title={Boolean grammars},
  author={Okhotin, Alexander},
  journal={Information and Computation},
  volume={194},
  number={1},
  pages={19--48},
  year={2004},
  publisher={Elsevier}
}

@article{okhotinConjAndBool,
	title={Conjunctive and Boolean grammars: the true general case of the context-free grammars},
	author={Okhotin, Alexander},
	journal={Computer Science Review},
	volume={9},
	pages={27--59},
	year={2013},
	publisher={Elsevier}
}

@inproceedings{zhang2017context,
	title={Context-sensitive data-dependence analysis via linear conjunctive language reachability},
	author={Zhang, Qirun and Su, Zhendong},
	booktitle={Proceedings of the 44th ACM SIGPLAN Symposium on Principles of Programming Languages},
	pages={344--358},
	year={2017},
	organization={ACM}
}

@article{barrett2000formal,
	title={Formal-language-constrained path problems},
	author={Barrett, Chris and Jacob, Riko and Marathe, Madhav},
	journal={SIAM Journal on Computing},
	volume={30},
	number={3},
	pages={809--837},
	year={2000},
	publisher={SIAM}
}

@inproceedings{bastani2015specification,
	title={Specification inference using context-free language reachability},
	author={Bastani, Osbert and Anand, Saswat and Aiken, Alex},
	booktitle={ACM SIGPLAN Notices},
	volume={50},
	number={1},
	pages={553--566},
	year={2015},
	organization={ACM}
}

@inproceedings{xu2009scaling,
	title={Scaling CFL-reachability-based points-to analysis using context-sensitive must-not-alias analysis},
	author={Xu, Guoqing and Rountev, Atanas and Sridharan, Manu},
	booktitle={ECOOP},
	volume={9},
	pages={98--122},
	year={2009},
	organization={Springer}
}

@article{reps1998program,
	title={Program analysis via graph reachability},
	author={Reps, Thomas},
	journal={Information and software technology},
	volume={40},
	number={11},
	pages={701--726},
	year={1998},
	publisher={Elsevier}
}

@article{reutter2017regular,
	title={Regular queries on graph databases},
	author={Reutter, Juan L and Romero, Miguel and Vardi, Moshe Y},
	journal={Theory of Computing Systems},
	volume={61},
	number={1},
	pages={31--83},
	year={2017},
	publisher={Springer US}
}

@inproceedings{fan2011adding,
	title={Adding regular expressions to graph reachability and pattern queries},
	author={Fan, Wenfei and Li, Jianzhong and Ma, Shuai and Tang, Nan and Wu, Yinghui},
	booktitle={Data Engineering (ICDE), 2011 IEEE 27th International Conference on},
	pages={39--50},
	year={2011},
	organization={IEEE}
}

@inproceedings{abiteboul1997regular,
	title={Regular path queries with constraints},
	author={Abiteboul, Serge and Vianu, Victor},
	booktitle={Proceedings of the sixteenth ACM SIGACT-SIGMOD-SIGART symposium on Principles of database systems},
	pages={122--133},
	year={1997},
	organization={ACM}
}

@inproceedings{nole2016regular,
	title={Regular path queries on massive graphs},
	author={Nol{\'e}, Maurizio and Sartiani, Carlo},
	booktitle={Proceedings of the 28th International Conference on Scientific and Statistical Database Management},
	pages={13},
	year={2016},
	organization={ACM}
}

@article{GraphQueryWithEarley,
	title={Subgraph queries by context-free grammars},
	author={Sevon, Petteri and Eronen, Lauri},
	journal={Journal of Integrative Bioinformatics},
	volume={5},
	number={2},
	pages={100},
	year={2008},
}

@book{Grune,
	author = {Grune, Dick and Jacobs, Ceriel J. H.},
	title = {Parsing Techniques (Monographs in Computer Science)},
	year = {2006},
	isbn = {038720248X},
	publisher = {Springer-Verlag New York, Inc.},
	address = {Secaucus, NJ, USA},
}

@article{scott2010gll,
	title={GLL parsing},
	author={Scott, Elizabeth and Johnstone, Adrian},
	journal={Electronic Notes in Theoretical Computer Science},
	volume={253},
	number={7},
	pages={177--189},
	year={2010},
	publisher={Elsevier}
}

@article{okhotin2001conjunctive,
	title={Conjunctive grammars},
	author={Okhotin, Alexander},
	journal={Journal of Automata, Languages and Combinatorics},
	volume={6},
	number={4},
	pages={519--535},
	year={2001}
}