@inproceedings{ScalaGraphParsing,
 author = {Kr\"{o}ni, Daniel and Schweizer, Raphael},
 title = {Parsing Graphs: Applying Parser Combinators to Graph Traversals},
 booktitle = {Proceedings of the 4th Workshop on Scala},
 series = {SCALA '13},
 year = {2013},
 isbn = {978-1-4503-2064-1},
 location = {Montpellier, France},
 pages = {7:1--7:4},
 articleno = {7},
 numpages = {4},
 url = {http://doi.acm.org/10.1145/2489837.2489844},
 doi = {10.1145/2489837.2489844},
 acmid = {2489844},
 publisher = {ACM},
 address = {New York, NY, USA},
 keywords = {Scala, domain specific language, graph database, graph traversal, parser combinators},
} 

@inproceedings{Meerkat,
 author = {Izmaylova, Anastasia and Afroozeh, Ali and Storm, Tijs van der},
 title = {Practical, General Parser Combinators},
 booktitle = {Proceedings of the 2016 ACM SIGPLAN Workshop on Partial Evaluation and Program Manipulation},
 series = {PEPM '16},
 year = {2016},
 isbn = {978-1-4503-4097-7},
 location = {St. Petersburg, FL, USA},
 pages = {1--12},
 numpages = {12},
 url = {http://doi.acm.org/10.1145/2847538.2847539},
 doi = {10.1145/2847538.2847539},
 acmid = {2847539},
 publisher = {ACM},
 address = {New York, NY, USA},
 keywords = {Parser combinators, continuation-passing style, general parsing, higher-order functions, left recursion, memoization},
} 

@article{scott2010gll,
  title={GLL parsing},
  author={Scott, Elizabeth and Johnstone, Adrian},
  journal={Electronic Notes in Theoretical Computer Science},
  volume={253},
  number={7},
  pages={177--189},
  year={2010},
  publisher={Elsevier}
}

@article{ConjCFPathQuery,
  title={Conjunctive context-free path queries},
  author={Hellings, Jelle},
  year={2014}
}

@phdthesis{SPPF,
  title={Parser generation for interactive environments},
  author={Rekers, Joan Gerard},
  year={1992},
  school={Universiteit van Amsterdam}
}

@inproceedings{CFGonRDF,
  title={Context-free path queries on RDF graphs},
  author={Zhang, Xiaowang and Feng, Zhiyong and Wang, Xin and Rao, Guozheng and Wu, Wenrui},
  booktitle={International Semantic Web Conference},
  pages={632--648},
  year={2016},
  publisher={Springer}
}

@misc{FndDB,
  title={Foundations of Databases},
  author={Abiteboul, Serge and Hull, Richard and Vianu, Victor},
  publisher={Addison-Wesley, Reading, MA},
  year={1995}
}

@article{Hellings16,
  author    = {Jelle Hellings},
  title     = {Path Results for Context-free Grammar Queries on Graphs},
  journal   = {CoRR},
  volume    = {abs/1502.02242},
  year      = {2015},
  url       = {http://arxiv.org/abs/1502.02242},
  timestamp = {Mon, 02 Mar 2015 14:17:34 +0100},
  biburl    = {http://dblp.uni-trier.de/rec/bib/journals/corr/Hellings15},
  bibsource = {dblp computer science bibliography, http://dblp.org}
}


@inproceedings{GrigorevR16,
 author = {Grigorev, Semyon and Ragozina, Anastasiya},
 title = {Context-free Path Querying with Structural Representation of Result},
 booktitle = {Proceedings of the 13th Central \& Eastern European Software Engineering Conference in Russia},
 series = {CEE-SECR '17},
 year = {2017},
 isbn = {978-1-4503-6396-9},
 location = {St. Petersburg, Russia},
 pages = {10:1--10:7},
 articleno = {10},
 numpages = {7},
 url = {http://doi.acm.org/10.1145/3166094.3166104},
 doi = {10.1145/3166094.3166104},
 acmid = {3166104},
 publisher = {ACM},
 address = {New York, NY, USA},
 keywords = {CFPQ, GLL, LL, context-free grammar, graph database, graph parsing, path query, top-down parsing},
}

@inproceedings{Yannakakis,
  title={Graph-theoretic methods in database theory},
  author={Yannakakis, Mihalis},
  booktitle={Proceedings of the ninth ACM SIGACT-SIGMOD-SIGART symposium on Principles of database systems},
  pages={230--242},
  year={1990},
  organization={ACM}
}

@article{graphDB,
 author = {Mendelzon, A. and  Wood, P.},
 title = {Finding Regular Simple Paths in Graph Databases},
 journal = {SIAM J. Computing},
 volume = {24},
 number = {6},
 year = {1995},
 pages = {1235--1258},
 numpages = {24}
}

@article{FLCpathProblem,
  title={Formal-language-constrained path problems},
  author={Barrett, Chris and Jacob, Riko and Marathe, Madhav},
  journal={SIAM Journal on Computing},
  volume={30},
  number={3},
  pages={809--837},
  year={2000},
  publisher={SIAM}
}

@article{GraphQueryWithEarley,
  title={Subgraph queries by context-free grammars},
  author={Sevon, Petteri and Eronen, Lauri},
  journal={Journal of Integrative Bioinformatics},
  volume={5},
  number={2},
  pages={100},
  year={2008}
}

@inproceedings{QueryGraphWithData,
  title={Expressive Path Queries on Graphs with Data},
  author={Barcel{\'o}, Pablo and Fontaine, Gaelle and Lin, Anthony Widjaja},
  booktitle={International Conference on Logic for Programming Artificial Intelligence and Reasoning},
  pages={71--85},
  year={2013},
  publisher={Springer}
}

@article{RegularDBQuery,
  title={Regular queries on graph databases},
  author={Reutter, Juan L and Romero, Miguel and Vardi, Moshe Y},
  journal={Theory of Computing Systems},
  pages={1--53},
  year={2015},
  publisher={Springer}
}

@article{LINQ1,
 author = {Cheney, James and Lindley, Sam and Wadler, Philip},
 title = {A Practical Theory of Language-integrated Query},
 journal = {SIGPLAN Not.},
 issue_date = {September 2013},
 volume = {48},
 number = {9},
 month = sep,
 year = {2013},
 issn = {0362-1340},
 pages = {403--416},
 numpages = {14},
 url = {http://doi.acm.org/10.1145/2544174.2500586},
 doi = {10.1145/2544174.2500586},
 acmid = {2500586},
 publisher = {ACM},
 address = {New York, NY, USA},
 keywords = {antiquotation, f\#, lambda calculus, linq, quotation, sql},
} 

@inproceedings{LINQ2,
 author = {Meijer, Erik and Beckman, Brian and Bierman, Gavin},
 title = {LINQ: Reconciling Object, Relations and XML in the .NET Framework},
 booktitle = {Proceedings of the 2006 ACM SIGMOD International Conference on Management of Data},
 series = {SIGMOD '06},
 year = {2006},
 isbn = {1-59593-434-0},
 location = {Chicago, IL, USA},
 pages = {706--706},
 numpages = {1},
 url = {http://doi.acm.org/10.1145/1142473.1142552},
 doi = {10.1145/1142473.1142552},
 acmid = {1142552},
 publisher = {ACM},
 address = {New York, NY, USA},
} 


@article{Marlowe,
 author = {Marlowe, Thomas J. and Landi, William G. and Ryder, Barbara G. and Choi, Jong-Deok and Burke, Michael G. and Carini, Paul},
 title = {Pointer-induced Aliasing: A Clarification},
 journal = {SIGPLAN Not.},
 issue_date = {Sept. 1993},
 volume = {28},
 number = {9},
 month = sep,
 year = {1993},
 issn = {0362-1340},
 pages = {67--70},
 numpages = {4},
 url = {http://doi.acm.org/10.1145/165364.165387},
 doi = {10.1145/165364.165387},
 acmid = {165387},
 publisher = {ACM},
 address = {New York, NY, USA},
} 

@inproceedings{Reps,
 author = {Reps, Thomas},
 title = {Program Analysis via Graph Reachability},
 booktitle = {Proceedings of the 1997 International Symposium on Logic Programming},
 series = {ILPS '97},
 year = {1997},
 isbn = {0-262-63180-6},
 location = {Port Washington, New York, USA},
 pages = {5--19},
 numpages = {15},
 url = {http://dl.acm.org/citation.cfm?id=271338.271343},
 acmid = {271343},
 publisher = {MIT Press},
 address = {Cambridge, MA, USA},
} 

@inproceedings{LabelFlowCFLReachability,
  title={Existential label flow inference via CFL reachability},
  author={Pratikakis, Polyvios and Foster, Jeffrey S and Hicks, Michael},
  booktitle={SAS},
  volume={6},
  pages={88--106},
  year={2006},
  organization={Springer}
}

@inproceedings{specificationCFLReachability,
  title={Specification inference using context-free language reachability},
  author={Bastani, Osbert and Anand, Saswat and Aiken, Alex},
  booktitle={ACM SIGPLAN Notices},
  volume={50},
  number={1},
  pages={553--566},
  year={2015},
  organization={ACM}
}

@inproceedings{Zheng,
 author = {Zheng, Xin and Rugina, Radu},
 title = {Demand-driven Alias Analysis for C},
 booktitle = {Proceedings of the 35th Annual ACM SIGPLAN-SIGACT Symposium on Principles of Programming Languages},
 series = {POPL '08},
 year = {2008},
 isbn = {978-1-59593-689-9},
 location = {San Francisco, California, USA},
 pages = {197--208},
 numpages = {12},
 url = {http://doi.acm.org/10.1145/1328438.1328464},
 doi = {10.1145/1328438.1328464},
 acmid = {1328464},
 publisher = {ACM},
 address = {New York, NY, USA},
 keywords = {CFL reachability, alias analysis, demand-driven analysis, memory disambiguation, pointer analysis},
} 

@inproceedings{gremlin,
  title={The gremlin graph traversal machine and language (invited talk)},
  author={Rodriguez, Marko A},
  booktitle={Proceedings of the 15th Symposium on Database Programming Languages},
  pages={1--10},
  year={2015},
  organization={ACM}
}

@article{sparql,
  title={SPARQL query language for RDF},
  author={Prud, Eric and Seaborne, Andy and others},
  year={2006}
}

@misc{stringEmbeddedLanguagesProblem,
  title={String Analysis for Software Verification and Security},
  author={Bultan, Tevfik and Yu, Fang and Alkhalaf, Muath and Aydin, Abdulbaki},
  year={2018},
  publisher={Springer}
}

@inproceedings{structForDebugging,
  title={Separability by short subsequences and subwords},
  author={Hofman, Piotr and Martens, Wim},
  booktitle={LIPIcs-Leibniz International Proceedings in Informatics},
  volume={31},
  year={2015},
  organization={Schloss Dagstuhl-Leibniz-Zentrum fuer Informatik}
}

@article{EBNFISO,
  title={Extended Backus-Naur Form ({EBNF})},
  author={Wirth, Niklaus},
  journal={ISO/IEC},
  volume={14977},
  pages={2996},
  year={1996}
}

@article{Johnson,
 author = {Johnson, Mark},
 title = {Memoization in Top-down Parsing},
 journal = {Comput. Linguist.},
 issue_date = {September 1995},
 volume = {21},
 number = {3},
 month = sep,
 year = {1995},
 issn = {0891-2017},
 pages = {405--417},
 numpages = {13},
 url = {http://dl.acm.org/citation.cfm?id=216261.216269},
 acmid = {216269},
 publisher = {MIT Press},
 address = {Cambridge, MA, USA},
} 

@inproceedings{LinqRDF,
  title={A System for Querying RDF Data Using LINQ},
  author={Kumamoto, Kazumasa and Amagasa, Toshiyuki and Kitagawa, Hiroyuki},
  booktitle={Network-Based Information Systems (NBiS), 2015 18th International Conference on},
  pages={452--457},
  year={2015},
  organization={IEEE}
}

@article{MonadicPArserCombinators,
  title={Monadic parser combinators},
  author={Hutton, Graham and Meijer, Erik},
  year={1996},
  publisher={School of Computer Science and IT}
}

@inproceedings{JavaCFL,
 author = {Yan, Dacong and Xu, Guoqing and Rountev, Atanas},
 title = {Demand-driven Context-sensitive Alias Analysis for Java},
 booktitle = {Proceedings of the 2011 International Symposium on Software Testing and Analysis},
 series = {ISSTA '11},
 year = {2011},
 isbn = {978-1-4503-0562-4},
 location = {Toronto, Ontario, Canada},
 pages = {155--165},
 numpages = {11},
 url = {http://doi.acm.org/10.1145/2001420.2001440},
 doi = {10.1145/2001420.2001440},
 acmid = {2001440},
 publisher = {ACM},
 address = {New York, NY, USA},
 keywords = {alias analysis, context sensitivity, demand-driven},
}

@inproceedings{LCLReachability,
 author = {Zhang, Qirun and Su, Zhendong},
 title = {Context-sensitive Data-dependence Analysis via Linear Conjunctive Language Reachability},
 booktitle = {Proceedings of the 44th ACM SIGPLAN Symposium on Principles of Programming Languages},
 series = {POPL 2017},
 year = {2017},
 isbn = {978-1-4503-4660-3},
 location = {Paris, France},
 pages = {344--358},
 numpages = {15},
 url = {http://doi.acm.org/10.1145/3009837.3009848},
 doi = {10.1145/3009837.3009848},
 acmid = {3009848},
 publisher = {ACM},
 address = {New York, NY, USA},
 keywords = {Context-free language reachability, linear conjunctive grammar, program analysis, trellis automata},
}

@article{okhotin2001conjunctive,
    title={Conjunctive grammars},
    author={Okhotin, Alexander},
    journal={Journal of Automata, Languages and Combinatorics},
    volume={6},
    number={4},
    pages={519--535},
    year={2001}
}

@article{Okhotin2003LCL,
 author = {Okhotin, Alexander},
 title = {On the Closure Properties of Linear Conjunctive Languages},
 journal = {Theor. Comput. Sci.},
 issue_date = {April 2003},
 volume = {299},
 number = {1},
 month = apr,
 year = {2003},
 issn = {0304-3975},
 pages = {663--685},
 numpages = {23},
 url = {http://dx.doi.org/10.1016/S0304-3975(02)00543-1},
 doi = {10.1016/S0304-3975(02)00543-1},
 acmid = {2781031},
 publisher = {Elsevier Science Publishers Ltd.},
 address = {Essex, UK},
} 

@inproceedings{Flix,
 author = {Madsen, Magnus and Yee, Ming-Ho and Lhot\'{a}k, Ond\v{r}ej},
 title = {From Datalog to Flix: A Declarative Language for Fixed Points on Lattices},
 booktitle = {Proceedings of the 37th ACM SIGPLAN Conference on Programming Language Design and Implementation},
 series = {PLDI '16},
 year = {2016},
 isbn = {978-1-4503-4261-2},
 location = {Santa Barbara, CA, USA},
 pages = {194--208},
 numpages = {15},
 url = {http://doi.acm.org/10.1145/2908080.2908096},
 doi = {10.1145/2908080.2908096},
 acmid = {2908096},
 publisher = {ACM},
 address = {New York, NY, USA},
 keywords = {Datalog, logic programming, static analysis},
} 

@inproceedings{Reps:1995,
 author = {Reps, Thomas and Horwitz, Susan and Sagiv, Mooly},
 title = {Precise Interprocedural Dataflow Analysis via Graph Reachability},
 booktitle = {Proceedings of the 22Nd ACM SIGPLAN-SIGACT Symposium on Principles of Programming Languages},
 series = {POPL '95},
 year = {1995},
 isbn = {0-89791-692-1},
 location = {San Francisco, California, USA},
 pages = {49--61},
 numpages = {13},
 url = {http://doi.acm.org/10.1145/199448.199462},
 doi = {10.1145/199448.199462},
 acmid = {199462},
 publisher = {ACM},
 address = {New York, NY, USA},
} 

@online{OpenCypherPR,
  author = {Tobias Lindaaker},
  title = {OpenCypher Path Patterns (CIP2017-02-06 Path Patterns)},
  year = 2017,
  url = {https://github.com/thobe/openCypher/blob/rpq/cip/1.accepted/CIP2017-02-06-Path-Patterns.adoc#153-compared-to-context-free-languages},
  urldate = {2018-05-18}
}

@article{brnglr,
  title={BRNGLR: a cubic Tomita-style GLR parsing algorithm},
  author={Scott, Elizabeth and Johnstone, Adrian and Economopoulos, Rob},
  journal={Acta informatica},
  volume={44},
  number={6},
  pages={427--461},
  year={2007},
  publisher={Springer}
}

@phdthesis{SPPF,
  title={Parser generation for interactive environments},
  author={Rekers, Joan Gerard},
  year={1992},
  school={Universiteit van Amsterdam}
}

@inproceedings{CFLfinding,
  title={Finding Fix Locations for CFL-Reachability Analyses via Minimum Cuts},
  author={Dan, Andrei Marian and Sridharan, Manu and Chandra, Satish and Jeannin, Jean-Baptiste and Vechev, Martin},
  booktitle={International Conference on Computer Aided Verification},
  pages={521--541},
  year={2017},
  organization={Springer}
}

@inproceedings{CFLTaint,
  title={Scalable and precise taint analysis for android},
  author={Huang, Wei and Dong, Yao and Milanova, Ana and Dolby, Julian},
  booktitle={Proceedings of the 2015 International Symposium on Software Testing and Analysis},
  pages={106--117},
  year={2015},
  organization={ACM}
}

@inproceedings{CFLGraspan,
 author = {Wang, Kai and Hussain, Aftab and Zuo, Zhiqiang and Xu, Guoqing and Amiri Sani, Ardalan},
 title = {Graspan: A Single-machine Disk-based Graph System for Interprocedural Static Analyses of Large-scale Systems Code},
 booktitle = {Proceedings of the Twenty-Second International Conference on Architectural Support for Programming Languages and Operating Systems},
 series = {ASPLOS '17},
 year = {2017},
 isbn = {978-1-4503-4465-4},
 location = {Xi'an, China},
 pages = {389--404},
 numpages = {16},
 url = {http://doi.acm.org/10.1145/3037697.3037744},
 doi = {10.1145/3037697.3037744},
 acmid = {3037744},
 publisher = {ACM},
 address = {New York, NY, USA},
 keywords = {disk-based systems, graph processing, static analysis},
} 
