@online{brahma,
  title        = "Project Brahma.FSharp",
  url          = {https://github.com/YaccConstructor/Brahma.FSharp},
  urldate      = "10.05.2017"
}
@online{opencl,
  title        = "The OpenCL Specification 1.2",
  url          = {https://www.khronos.org/registry/OpenCL/specs/opencl-1.2.pdf},
  urldate      = "10.05.2017"
}
@online{prscaffold,
  title        = "ProjectScaffold",
  url          = {https://fsprojects.github.io/ProjectScaffold},
  urldate      = "10.05.2017"
}
@online{markdown,
  title        = "Markdown - Wikipedia",
  url          = {https://ru.wikipedia.org/wiki/Markdown},
  urldate      = "10.05.2017"
}
@online{desc,
  title        = "Programming Languages and Tools Lab - Project Brahma.FSharp ",
  url          = {https://research.jetbrains.org/ru/groups/plt_lab/projects?project_id=9},
  urldate      = "10.05.2017"
}
