@book{EddyDurbin,
  title={Biological sequence analysis: probabilistic models of proteins and nucleic acids},
  author={Durbin, Richard and Eddy, Sean R and Krogh, Anders and Mitchison, Graeme},
  year={1998},
  publisher={Cambridge university press}
}

@article{Humidor,
  title={Humidor: Microbial Community Classification of the 16S Gene by Training CIGAR Strings with Convolutional Neural Networks},
  author={Sherman, Douglas},
  year={2017}
}

@inproceedings{ANN,
  title={Bacteria classification based on 16S ribosomal gene using artificial neural networks},
  author={Higashi, Susan and Hungria, Mariangela and Brunetto, MADC},
  booktitle={Proceedings of the 8th WSEAS International Conference on Computational intelligence, man-machine systems and cybernetics},
  pages={86--91},
  year={2009}
}

@article{GrammarsRNA,
  title={The language of RNA: a formal grammar that includes pseudoknots},
  author={Rivas, Elena and Eddy, Sean R},
  journal={Bioinformatics},
  volume={16},
  number={4},
  pages={334--340},
  year={2000},
  publisher={Oxford University Press}
}

@article{PCFG,
  title={RNA secondary structure prediction using stochastic context-free grammars and evolutionary history.},
  author={Knudsen, Bjarne and Hein, Jotun},
  journal={Bioinformatics (Oxford, England)},
  volume={15},
  number={6},
  pages={446--454},
  year={1999}
}

@article{meta,
  title={Reconstructing 16S rRNA genes in metagenomic data},
  author={Yuan, Cheng and Lei, Jikai and Cole, James and Sun, Yanni},
  journal={Bioinformatics},
  volume={31},
  number={12},
  pages={i35--i43},
  year={2015},
  publisher={Oxford University Press}
}

@article{LWPCFG,
  title={Evaluation of several lightweight stochastic context-free grammars for RNA secondary structure prediction},
  author={Dowell, Robin D and Eddy, Sean R},
  journal={BMC bioinformatics},
  volume={5},
  number={1},
  pages={71},
  year={2004},
  publisher={BioMed Central}
}