@inproceedings{Yannakakis,
author = {Yannakakis, Mihalis},
year = {1990},
month = {01},
pages = {230-242},
title = {Graph-Theoretic Methods in Database Theory.},
doi = {10.1145/298514.298576}
}
@article{RepSeq,
 author = {Reps, Thomas},
 title = {On the Sequential Nature of Interprocedural Program-analysis Problems},
 journal = {Acta Inf.},
 issue_date = {August    1996},
 volume = {33},
 number = {5},
 month = aug,
 year = {1996},
 issn = {0001-5903},
 pages = {739--757},
 numpages = {19},
 url = {http://dx.doi.org/10.1007/BF03036473},
 doi = {10.1007/BF03036473},
 acmid = {2697789},
 publisher = {Springer-Verlag New York, Inc.},
 address = {Secaucus, NJ, USA},
} 
@article{RepsBasic,
  title={Program Analysis via Graph Reachability},
  author={Thomas W. Reps},
  journal={Information \& Software Technology},
  year={1997},
  volume={40},
  pages={701-726}
}
@article{HellingsCFPQ,
  author    = {Jelle Hellings},
  title     = {Path Results for Context-free Grammar Queries on Graphs},
  journal   = {CoRR},
  volume    = {abs/1502.02242},
  year      = {2015},
  archivePrefix = {arXiv},
  eprint    = {1502.02242},
  timestamp = {Mon, 13 Aug 2018 16:49:14 +0200},
  bibsource = {dblp computer science bibliography, https://dblp.org}
}
@article{RDF,
  author    = {Xiaowang Zhang and
               Zhiyong Feng and
               Xin Wang and
               Guozheng Rao},
  title     = {Context-Free Path Queries on {RDF} Graphs},
  journal   = {CoRR},
  volume    = {abs/1506.00743},
  year      = {2015},
  archivePrefix = {arXiv},
  eprint    = {1506.00743},
  timestamp = {Mon, 13 Aug 2018 16:47:08 +0200},
  bibsource = {dblp computer science bibliography, https://dblp.org}
}
@inproceedings{GrigorevRagozina,
 author = {Grigorev, Semyon and Ragozina, Anastasiya},
 title = {Context-free Path Querying with Structural Representation of Result},
 booktitle = {Proceedings of the 13th Central \& Eastern European Software Engineering Conference in Russia},
 series = {CEE-SECR '17},
 year = {2017},
 isbn = {978-1-4503-6396-9},
 location = {St. Petersburg, Russia},
 pages = {10:1--10:7},
 articleno = {10},
 numpages = {7},
 url = {http://doi.acm.org/10.1145/3166094.3166104},
 doi = {10.1145/3166094.3166104},
 acmid = {3166104},
 publisher = {ACM},
 address = {New York, NY, USA},
 keywords = {CFPQ, GLL, LL, context-free grammar, graph database, graph parsing, path query, top-down parsing},
} 
@InProceedings{Incremental,
author="Lu, Yi
and Shang, Lei
and Xie, Xinwei
and Xue, Jingling",
editor="Jhala, Ranjit
and De Bosschere, Koen",
title="An Incremental Points-to Analysis with CFL-Reachability",
booktitle="Compiler Construction",
year="2013",
publisher="Springer Berlin Heidelberg",
address="Berlin, Heidelberg",
pages="61--81"
}
@article{Brent,
author = {Brent, Richard and M. Goldschlager, Leslie},
year = {1983},
month = {01},
pages = {},
journal = {},
title = {A Parallel Algorithm For Context-Free Parsing}
}
@InProceedings{Rytter,
author="Rytter, Wojciech",
editor="Skowron, Andrzej",
title="On the recognition of context-free languages",
booktitle="Computation Theory",
year="1985",
publisher="Springer Berlin Heidelberg",
address="Berlin, Heidelberg",
pages="318--325",
isbn="978-3-540-39748-9"
}
@article{RatBasic,
  title={The rational index: a complexity measure for languages},
  author={Boasson, L. and Courcelle, B. and Nivat, M.},
  journal={SIAM Journal on Computing},
  year={1981},
  volume={10(2)},
  pages={284--296}
}
@article{Dyck1,
title = {The rational index of the Dyck language ${D_1}^*$},
journal = "Theoretical Computer Science",
volume = "47",
pages = "335 - 343",
year = "1986",
issn = "0304-3975",
doi = "10.1016/0304-3975(86)90158-1",
author = "Jean-Luc Deleage and Laurent Pierre",
keywords = "Formal language theory, rational index, Dyck language"
}
@article{CFRat,
title = "Rational indexes of generators of the cone of context-free languages",
journal = "Theoretical Computer Science",
volume = "95",
number = "2",
pages = "279 - 305",
year = "1992",
issn = "0304-3975",
doi = "10.1016/0304-3975(92)90269-L",
author = "Laurent Pierre",
}
@article{GreibRat,
     author = {Pierre, Laurent and Farinone, Jean-Marc},
     title = {Context-free languages with rational index in $\Theta (n^\gamma )$ for algebraic numbers $\gamma $},
     journal = {RAIRO - Theoretical Informatics and Applications - Informatique Th\'eorique et Applications},
     publisher = {EDP-Sciences},
     volume = {24},
     number = {3},
     year = {1990},
     pages = {275-322},
     zbl = {0701.68068},
     mrnumber = {1072995},
     language = {en},
}
@book{PCompl,
 author = {Greenlaw, Raymond and Hoover, H. James and Ruzzo, Walter L.},
 title = {Limits to Parallel Computation: P-completeness Theory},
 year = {1995},
 isbn = {0-19-508591-4},
 publisher = {Oxford University Press, Inc.},
 address = {New York, NY, USA},
} 
@article{LReach,
  author    = {Balagopal Komarath and
               Jayalal Sarma and
               K. S. Sunil},
  title     = {On the Complexity of L-reachability},
  journal   = {CoRR},
  volume    = {abs/1701.03255},
  year      = {2017},
  url       = {http://arxiv.org/abs/1701.03255},
  archivePrefix = {arXiv},
  eprint    = {1701.03255},
  timestamp = {Mon, 13 Aug 2018 16:48:20 +0200},
  biburl    = {https://dblp.org/rec/bib/journals/corr/KomarathSS17},
  bibsource = {dblp computer science bibliography, https://dblp.org}
}
@article{Regularrealizability,
  author    = {Alexander A. Rubtsov and
               Mikhail N. Vyalyi},
  title     = {Regular realizability problems and context-free languages},
  journal   = {CoRR},
  volume    = {abs/1503.00295},
  year      = {2015},
  archivePrefix = {arXiv},
  eprint    = {1503.00295},
  timestamp = {Mon, 13 Aug 2018 16:46:02 +0200},
  bibsource = {dblp computer science bibliography, https://dblp.org}
}
@INPROCEEDINGS{GreibHier,
author={S. A. {Greibach}},
booktitle={8th Annual Symposium on Switching and Automata Theory (SWAT 1967)},
title={An infinite hierarchy of context-free languages},
year={1967},
volume={},
number={},
pages={32-36},
keywords={Counting circuits;Automata},
doi={10.1109/FOCS.1967.5},
ISSN={},
month={Oct},}
@article{OneCount,
author = {Chistikov, Dmitry and Czerwinski, Wojciech and Hofman, Piotr and Pilipczuk, Michał and Wehar, Michael},
year = {2015},
month = {10},
pages = {},
journal   = {},
title = {Shortest paths in one-counter systems}
}
@article{Bradford,
  author    = {Phillip G. Bradford},
  title     = {Efficient Exact Paths For Dyck and semi-Dyck Labeled Path Reachability},
  journal   = {CoRR},
  volume    = {abs/1802.05239},
  year      = {2018},
  archivePrefix = {arXiv},
  eprint    = {1802.05239},
  timestamp = {Mon, 13 Aug 2018 16:48:21 +0200},
  bibsource = {dblp computer science bibliography, https://dblp.org}
}
@Inbook{Autebert1997,
author="Autebert, Jean-Michel
and Berstel, Jean
and Boasson, Luc",
editor="Rozenberg, Grzegorz
and Salomaa, Arto",
title="Context-Free Languages and Pushdown Automata",
bookTitle="Handbook of Formal Languages: Volume 1 Word, Language, Grammar",
year="1997",
publisher="Springer Berlin Heidelberg",
address="Berlin, Heidelberg",
pages="111--174",
abstract="This chapter is devoted to context-free languages. Context-free languages and grammars were designed initially to formalize grammatical properties of natural languages [9]. They subsequently appeared to be well adapted to the formal description of the syntax of programming languages. This led to a considerable development of the theory.",
isbn="978-3-642-59136-5",
}
@inproceedings{Jayaram2017ApproximatingLE,
  title={Approximating Language Edit Distance Beyond Fast Matrix Multiplication: Ultralinear Grammars Are Where Parsing Becomes Hard!},
  author={Rajesh Jayaram and Barna Saha},
  booktitle={ICALP},
  year={2017}
}
@article{KUTRIB20072152,
title = "Finite turns and the regular closure of linear context-free languages",
journal = "Discrete Applied Mathematics",
volume = "155",
number = "16",
pages = "2152 -- 2164",
year = "2007",
issn = "0166-218X",
author = "Martin Kutrib and Andreas Malcher",
keywords = "Finite turn pushdown automata, Computational capacity, Time-efficient recognizers, Closures of languages, Context-free languages",
}
@article{BEAUQUIER198191,
title = "More about the geography of context-free languages",
journal = "Information and Control",
volume = "49",
number = "2",
pages = "91 -- 108",
year = "1981",
issn = "0019-9958",
author = "J. Beauquier and J. Berstel"
}
@book{Ginsburg1975,
 author = {Ginsburg, Seymour},
 title = {Algebraic and Automata-Theoretic Properties of Formal Languages},
 year = {1975},
 isbn = {0444105867},
 publisher = {Elsevier Science Inc.},
 address = {New York, NY, USA},
} 
@article{BoundOsc,
   title={Bounded-oscillation Pushdown Automata},
   volume={226},
   ISSN={2075--2180},
   url={http://dx.doi.org/10.4204/EPTCS.226.13},
   DOI={10.4204/eptcs.226.13},
   journal={Electronic Proceedings in Theoretical Computer Science},
   publisher={Open Publishing Association},
   author={Ganty, Pierre and Valput, Damir},
   year={2016},
   month={Sep},
   pages={178–197}
}
@inproceedings{Wechsung,
  author    = {Gerd Wechsung},
  title     = {The oscillation complexity and a hierarchy of context-free languages},
  booktitle = {Fundamentals of Computation Theory, {FCT} 1979, Proceedings of the
               Conference on Algebraic, Arthmetic, and Categorial Methods in Computation
               Theory, Berlin/Wendisch-Rietz, Germany, September 17-21, 1979.},
  pages     = {508--515},
  year      = {1979},
  timestamp = {Mon, 29 Jul 2019 11:58:23 +0200},
  biburl    = {https://dblp.org/rec/bib/conf/fct/Wechsung79},
  bibsource = {dblp computer science bibliography, https://dblp.org}
}
@inproceedings{Gundermann,
  author    = {Thomas Gundermann},
  title     = {A lower bound on the oscillation complexity of context-free languages},
  booktitle = {Fundamentals of Computation Theory, {FCT} '85, Cottbus, GDR, September
               9-13, 1985},
  pages     = {159--166},
  year      = {1985},
  url       = {https://doi.org/10.1007/BFb0028800},
  doi       = {10.1007/BFb0028800},
  timestamp = {Tue, 14 May 2019 10:00:53 +0200},
  biburl    = {https://dblp.org/rec/bib/conf/fct/Gundermann85},
  bibsource = {dblp computer science bibliography, https://dblp.org}
}
@inproceedings{SDet,
 author = {Korenjak, A. J. and Hopcroft, J. E.},
 title = {Simple Deterministic Languages},
 booktitle = {Proceedings of the 7th Annual Symposium on Switching and Automata Theory (Swat 1966)},
 series = {SWAT66},
 year = {1966},
 pages = {36--46},
 numpages = {11},
 doi = {10.1109/SWAT.1966.22},
 acmid = {1442021},
 publisher = {IEEE Computer Society},
 address = {Washington, DC, USA},
} 
@phdthesis{simon1972hierarchies,
  title={Hierarchies of events with dot-depth one},
  author={Simon, Imre},
  year={1972},
  school={Thesis (Ph. D.)--University of Waterloo}
}
@misc{masopust2019partially,
    title={Partially Ordered Automata and Piecewise Testability},
    author={Tomáš Masopust and Markus Krötzsch},
    year={2019},
    eprint={1907.13115},
    archivePrefix={arXiv},
    primaryClass={cs.LO}
}


