@book{fsharp,
  title={Expert F\# 3.0},
  author={Syme, Don and Granicz, Adam and Cisternino, Antonio},
  year={2012},
  publisher={Springer}
}

@phdthesis{FSCLPhD,
  title={Homogeneous programming, scheduling and execution on heterogeneous platforms},
  author={Coco, G},
  year={2014},
  school={Ph. D. Thesis.$\backslash$Gabriel Coco.-University of Pisa, 2014.-254 p}
}


@phdthesis{BrahmaStringMatching,
  title={Transparent usage of massively parallel architectures for local optimizations of .NET applications},
  author={Mikhaylov, Dmitry},
  year={2013},
  school={Graduation Thesis.$\backslash$Dmitry Mikhaylov.-St. Petersburg State University, 2013.-47 p}
}

@inproceedings{aleaGPUasync,
  title={The alea reactive dataflow system for gpu parallelization},
  author={Kramer, Philipp and Egloff, Daniel and Blaser, L},
  booktitle={Proc. of the HLGPU 2016 Workshop, HiPEAC},
  year={2016}
}

@inproceedings{aleaGPUasync2,
  title={Alea Reactive Dataflow: GPU Parallelization Made Simple},
  author={Bl{\"a}ser, Luc and Egloff, Daniel and Knobel, Oskar and Kramer, Philipp and Zhang, Xiang and Fabian, Daniel},
  booktitle={Proceedings of the companion publication of the 2014 ACM SIGPLAN conference on Systems, Programming, and Applications: Software for Humanity},
  year={2014}
}

@misc{AleaGPU,
  author = {{QuanAlea Inc}},
  title = {Alea GPU},
  howpublished = {\url{https://www.quantalea.net/}},
  note = {Accessed: 2017-06-20}
}
