
@article{RNA,
 author = {Rivas, E. and Eddy, S.R.},
 title = {The language of RNA: a formal grammar that includes pseudoknots},
 journal = {Bioinformatics},
 volume = {16(4)},
 year = {2000},
 pages = {334--340},
 numpages = {7}
}

@online{secRNA,
 author = {Sükösd, Z. and Andersen, E.S. and Lyngsø R.},
 title = {SCFGs in RNA Secondary Structure Prediction: A Hands-on Approach},
 journal = {RNA Sequence, Structure, and Function: Computational and Bioinformatic Methods},
 year = {2013},
 pages = {143--162},
 numpages = {20}
}

@article{val,
 author = {Valiant, L.G.},
 title = {General context-free recognition in less than cubic time},
 journal = {Journal of Computer and System Sciences},
 volume = {10(2)},
 year = {1975},
 pages = {308--315},
 numpages = {8}
 
}@article{okh,
 author = {Okhotin, A.},
 title = {Parsing by matrix multiplication generalized to Boolean grammars},
 journal = {Theoretical Computer Science},
 volume = {516},
 year = {2014},
 pages = {101--120},
 numpages = {20}
}

@article{YC,
 author = {Kirilenko, I. and Grigorev, S. and Avdiukhin, D.},
 title = {Syntax Analyzers Development in Automated Reengineering of Informational System},
 journal = {St. Petersburg State Polytechnical University Journal. Computer Science. Telecommunications and Control Systems},
 issue_date = {Juny 2006},
 volume = {174},
 number = {3},
 year = {2013},
 pages = {94--98},
 numpages = {4},
 publisher = {IEEE Computer Society}
} 

@online{alg,
 author = {Явейн, А.},
 title = {Разработка алгоритма синтаксического анализа через умножение матриц},
 url = { https://github.com/YaccConstructor/articles/blob/master/InProgress/Yaveyn_alg/jbalg.pdf},
 urldate = "13.05.2018"
}

@online{cublas,
 title = {cuBLAS, CUDA Toolkit Documentation},
 url = { https://docs.nvidia.com/cuda/cublas/index.html},
 urldate = "13.05.2018"
}

@online{managedcuda,
 title = {managedCuda},
 url = { https://kunzmi.github.io/managedCuda},
 urldate = "13.05.2018"
}

@article{divide,
 author = {Bernardy, J.-P. and Claessen, K.},
 title = {Efficient divide-and-conquer parsing of practical context-free languages},
 journal = {ICFP '13 Proceedings of the 18th ACM SIGPLAN international conference on Functional programming},
 year = {2013},
 pages = {111--122},
 numpages = {11}
}

@article{tobias,
 author = {Olausson, T.},
 title = {Implementing incremental and parallel parsing},
 year = {2014}
}

@online{sp,
 title = {Кафедра Системного Программирования},
 url = {http://se.math.spbu.ru/SE},
 urldate = "13.05.2018"
}

@online{jet,
 title = {Лаборатория языковых инструментов},
 url = {https://research.jetbrains.org/ru/groups/plt_lab},
 urldate = "13.05.2018"
}
