@article{graphParseVerb,
    title  = "Синтаксический анализ регулярных множеств",
    author = "Вербицкая, Екатерина Андреевна",
    year   = "2015"
}
@article{graphParseRag,
    title  = "Ослабленный синтаксический анализ динамически формируемых выражений на основе алгоритма GLL",
    author = "Рагозина, Анастасия Константиновна",
    year   = "2016"
}
@article{paperFSA,
    title  = {Extended Context-Free Grammars with Generalized LL, неопуб.},
    author = {Artem Gorokhov and Semyon Grigorev},
    year   = {2016}
}
@article{GLLParsing,
    author    = {Scott E. and Johnstone A.},
    title     = {GLL Parsing},
    journal   = {Electron. Notes Theor. Comput. Sci.},
    volume    = {253},
    number    = {7},
    year      = {2010},
    pages     = {177--189},
    numpages  = {13}
}
@article{GLLTreeGen,
    author    = {Scott E. and Johnstone A.},
    title     = {GLL parse-tree generation},
    journal   = {Science of Computer Programming},
    volume    = {78},
    number    = {10},
    year      = {2013},
    pages     = {1828-1844},
    numpages  = {17}
}
@online{YaccConstructor,
    title        = "YaccConstructor",
    author       = "YaccConstructor",
    howpublished = "YaccConstructor official page ",
    url          = {http://yaccconstructor.github.io},
    urldate      = "18.12.2016",
    language     = "english"
}
@article{gsvPhd,
    title  = "Cинтаксический анализ динамически формируемых программ",
    author = "Григорьев, Семен Вячеславович",
    year   = "2016"
}
@article{RADesc,
    title={Learning recursive automata from positive examples},
    author={Tellier, Isabelle},
    journal={Revue des Sciences et Technologies de l'Information-S{\'e}rie RIA: Revue d'Intelligence Artificielle},
    volume={20},
    number={6},
    pages={775--804},
    year={2006}
}