@conference{kovalev-spbu-jsa,
    author  =   "Aske Simon Christensen and Anders M{\o}ller and Michael I.Schwartzbach",
    title   =   "Precise Analysis of String Expressions",
    organization =   "Proc. 10th International Static Analysis Symposium (SAS)",
    month = "June",
    year = "2003",
    pages   =   "1--18",
    publisher = "Springer-Verlag: Berlin"
}

@conference{kovalev-spbu-phpsa,
    author  =   "Yasuhiko Minamide",
    title   =   "Static approximation of dynamically generated web pages",
    organization ="In Proceedings of the 14th International Conference on World Wide Web, WWW '05",
    year = "2005",
    pages   =   "432--441",
    publisher = "ACM"
}

@conference{kovalev-spbu-alvor,
    author  =   "Aivar Annamaa and Andrey Breslav and Jevgeni Kabanov and Varmo Vene",
    title   =   "An Interactive Tool for Analyzing Embedded SQL Queries",
    organization = "Programming Languages and Systems",
    year = "2010",
    pages   =   "131--138",
    publisher = "Springer: Berlin"
}

@Inbook{kovalev-spbu-a_lr,
    author="Doh, Kyung-Goo
    and Kim, Hyunha
    and Schmidt, David A.",
    editor="Agha, Gul
    and Danvy, Olivier
    and Meseguer, Jos{\'e}",
    title="Abstract LR-Parsing",
    bookTitle="Formal Modeling: Actors, Open Systems, Biological Systems: Essays Dedicated to Carolyn Talcott on the Occasion of Her 70th Birthday",
    year="2011",
    publisher="Springer Berlin Heidelberg",
    address="Berlin, Heidelberg",
    pages="90--109",
    isbn="978-3-642-24933-4",
    doi="10.1007/978-3-642-24933-4_6",
    url="http://dx.doi.org/10.1007/978-3-642-24933-4_6"
}

@Inbook{kovalev-spbu-gfg,
    author="Pingali, Keshav
    and Bilardi, Gianfranco",
    editor="Franke, Bj{\"o}rn",
    title="A Graphical Model for Context-Free Grammar Parsing",
    bookTitle="Compiler Construction: 24th International Conference, CC 2015, Held as Part of the European Joint Conferences on Theory and Practice of Software, ETAPS 2015, London, UK, April 11-18, 2015, Proceedings",
    year="2015",
    publisher="Springer Berlin Heidelberg",
    address="Berlin, Heidelberg",
    pages="3--27",
    isbn="978-3-662-46663-6",
    doi="10.1007/978-3-662-46663-6_1",
    url="http://dx.doi.org/10.1007/978-3-662-46663-6_1"
}

@Inbook{kovalev-spbu-rnglr_reg,
	author="Verbitskaia, Ekaterina
	and Grigorev, Semyon
	and Avdyukhin, Dmitry",
	editor="Mazzara, Manuel
	and Voronkov, Andrei",
	title="Relaxed Parsing of Regular Approximations of String-Embedded Languages",
	bookTitle="Perspectives of System Informatics: 10th International Andrei Ershov Informatics Conference, PSI 2015, in Memory of Helmut Veith, Kazan and Innopolis, Russia, August 24-27, 2015, Revised Selected Papers",
	year="2016",
	publisher="Springer International Publishing",
	address="Cham",
	pages="291--302",
	isbn="978-3-319-41579-6",
	doi="10.1007/978-3-319-41579-6_22",
	url="http://dx.doi.org/10.1007/978-3-319-41579-6_22"
}

@inproceedings
{kovalev-spbu-varis,
    author = {Nguyen, H. V. and K{\"a}stner, C. and Nguyen, T. N.},
    title = {Varis: IDE Support for Embedded Client Code in PHP Web Applications},
    booktitle = {Proceedings of the 37th International Conference on Software Engineering (ICSE)},
    year = {2015},
    note = {Formal Demonstration paper},
    publisher = {ACM Press},
    address = {New York, NY},
}

@inproceedings{kovalev-spbu-tomita,
	author = {Tomita, M.},
	title = {An Efficient Context-free Parsing Algorithm for Natural Languages},
	booktitle = {Proceedings of the 9th International Joint Conference on Artificial Intelligence - Volume 2},
	series = {IJCAI'85},
	year = {1985},
	isbn = {0-934613-02-8, 978-0-934-61302-6},
	location = {Los Angeles, California},
	pages = {756--764},
	numpages = {9},
	acmid = {1623625},
	publisher = {Morgan Kaufmann Publishers Inc.},
	address = {San Francisco, CA, USA},
} 

@article{kovalev-spbu-gll,
title = "GLL parsing",
keywords = "generalised parsing, recursive descent, RNGLR and RIGLR parsing, parsing, Context Free Grammar, Context free languages",
author = "Elizabeth Scott and Adrian Johnstone",
year = "2009",
doi = "10.1016/j.entcs.2010.08.041",
volume = "253",
journal = "Electronic Notes in Theoretical Computer Science",
issn = "1571-0661",
publisher = "Elsevier",
number = "7",
}

@article{kovalev-spbu-cf_extr,
	author = {Nevill-Manning, Craig G. and Witten, Ian H.},
	title = {Identifying Hierarchical Structure in Sequences: A Linear-time Algorithm},
	journal = {J. Artif. Int. Res.},
	issue_date = {July 1997},
	volume = {7},
	number = {1},
	month = sep,
	year = {1997},
	issn = {1076-9757},
	pages = {67--82},
	numpages = {16},
	url = {http://dl.acm.org/citation.cfm?id=1622776.1622780},
	acmid = {1622780},
	publisher = {AI Access Foundation},
	address = {USA},
} 

@article{kovalev-spbu-lang_inclusion,
	author = {Asveld, P. R. J. and Nijholt, A.},
	title = {The Inclusion Problem for Some Subclasses of Context-free Languages},
	journal = {Theor. Comput. Sci.},
	volume = {230},
	number = {1-2},
	year = {1999},
	issn = {0304-3975},
	pages = {247--256},
	numpages = {10},
	doi = {10.1016/S0304-3975(99)00113-9},
	acmid = {323518},
	publisher = {Elsevier Science Publishers Ltd.},
	address = {Essex, UK},
	keywords = {(restricted) context-free grammar, (restricted) deterministic push-down automation, inclusion problem, unambiguous context-free language},
} 

@mastersthesis{kovalev-spbu-gll_reg,
    author    = "Anastasiya Ragozina",
    title     = "GLL-based relaxed parsing of dynamically generated code",
    school    = "SPbU",
    type      = "Masterâ€™s Thesis",
    year      = "2016"
}

@phdthesis{kovalev-spbu-sppf,
	title={Parser generation for interactive environments},
	author={Rekers, Joan Gerard},
	year={1992},
	school={Citeseer}
}
