@article{azimov2018context,
	title={Context-Free Path Querying by Matrix Multiplication},
	author={Azimov, Rustam and Grigorev, Semyon},
	year={2018}
}

@article{Bio,
	title={Quantifying variances in comparative RNA secondary structure prediction},
	author={Anderson, James WJ and Nov{\'a}k, {\'A}d{\'a}m and S{\"u}k{\"o}sd, Zsuzsanna and Golden, Michael and Arunapuram, Preeti and Edvardsson, Ingolfur and Hein, Jotun},
	journal={BMC bioinformatics},
	volume={14},
	number={1},
	pages={149},
	year={2013},
	publisher={BioMed Central}
}

@article{graphDB,
	author = {Mendelzon, A. and  Wood, P.},
	title = {Finding Regular Simple Paths in Graph Databases},
	journal = {SIAM J. Computing},
	volume = {24},
	number = {6},
	year = {1995},
	pages = {1235--1258},
	numpages = {24}
}

@article{hellingsRelational,
	title={Conjunctive context-free path queries},
	author={Hellings, J.},
	year={2014}
}

@inproceedings{RDF,
	author={Zhang, X. and Feng, Z. and Wang, X. and Rao, G. and Wu, W.},
	title={Context-free path queries on RDF graphs},
	booktitle={International Semantic Web Conference},
	pages={632--648},
	year={2016},
	organization={Springer}
}

@article{GraphQueryWithEarley,
	title={Subgraph queries by context-free grammars},
	author={Sevon, Petteri and Eronen, Lauri},
	journal={Journal of Integrative Bioinformatics},
	volume={5},
	number={2},
	pages={100},
	year={2008}
}

@article{matricesOnGPGPU,
	title={Programming GPGPU Graph Applications with Linear Algebra Building Blocks},
	author={Che, Shuai and Beckmann, Bradford M and Reinhardt, Steven K},
	journal={International Journal of Parallel Programming},
	pages={1--23},
	year={2016},
	publisher={Springer}
}

@article{okhotin2001conjunctive,
	title={Conjunctive grammars},
	author={Okhotin, Alexander},
	journal={Journal of Automata, Languages and Combinatorics},
	volume={6},
	number={4},
	pages={519--535},
	year={2001}
}

@article{okhotinConjAndBool,
	title={Conjunctive and Boolean grammars: the true general case of the context-free grammars},
	author={Okhotin, Alexander},
	journal={Computer Science Review},
	volume={9},
	pages={27--59},
	year={2013},
	publisher={Elsevier}
}

@article{chomsky,
	title={On certain formal properties of grammars},
	author={Chomsky, Noam},
	journal={Information and control},
	volume={2},
	number={2},
	pages={137--167},
	year={1959},
	publisher={Elsevier}
}

@book{FndDB,
	title={Foundations of databases: the logical level},
	author={Abiteboul, Serge and Hull, Richard and Vianu, Victor},
	year={1995},
	publisher={Addison-Wesley Longman Publishing Co., Inc.}
}

@techreport{kasami,
	title={AN EFFICIENT RECOGNITION AND SYNTAXANALYSIS ALGORITHM FOR CONTEXT-FREE LANGUAGES.},
	author={Kasami, Tadao},
	year={1965},
	institution={DTIC Document}
}

@article{younger,
	title={Recognition and parsing of context-free languages in time n3},
	author={Younger, Daniel H},
	journal={Information and control},
	volume={10},
	number={2},
	pages={189--208},
	year={1967},
	publisher={Elsevier}
}

@book{Grune,
	author = {Grune, Dick and Jacobs, Ceriel J. H.},
	title = {Parsing Techniques (Monographs in Computer Science)},
	year = {2006},
	isbn = {038720248X},
	publisher = {Springer-Verlag New York, Inc.},
	address = {Secaucus, NJ, USA},
}

@article{valiant,
	title={General context-free recognition in less than cubic time},
	author={Valiant, Leslie G},
	journal={Journal of computer and system sciences},
	volume={10},
	number={2},
	pages={308--315},
	year={1975},
	publisher={Elsevier}
}

@inproceedings{zhang2017context,
	title={Context-sensitive data-dependence analysis via linear conjunctive language reachability},
	author={Zhang, Qirun and Su, Zhendong},
	booktitle={Proceedings of the 44th ACM SIGPLAN Symposium on Principles of Programming Languages},
	pages={344--358},
	year={2017},
	organization={ACM}
}
