@book{chomsky1,
  author       = "Chomsky, N.",
  title        = "Some methodological remarks on generative grammar",
  year         = 1961,
  publisher  = {Aspects of the Theory of Syntax}
}
@book{chomsky2,
  author       = "Chomsky, N.",
  title        = "Syntactic structures",
  year         = 2002,
  publisher  = {Walter de Gruyter}
}
@inproceedings{Azimov2017ContextfreePQ,
  title={Context-free path querying by matrix multiplication},
  author={Rustam Azimov and Semyon Grigorev},
  booktitle={GRADES-NDA '18},
  year={2017}
}
@inproceedings{Hellings2015QueryingFP,
  title={Querying for Paths in Graphs using Context-Free Path Queries},
  author={Jelle Hellings},
  year={2015}
}
@article{OKHOTIN201327,
title = "Conjunctive and Boolean grammars: The true general case of the context-free grammars",
journal = "Computer Science Review",
volume = "9",
pages = "27 - 59",
year = "2013",
issn = "1574-0137",
doi = "https://doi.org/10.1016/j.cosrev.2013.06.001",
url = "http://www.sciencedirect.com/science/article/pii/S157401371300018X",
author = "Alexander Okhotin",
keywords = "Formal languages, Context-free grammars, Conjunctive grammars, Boolean grammars, Parsing, Language equations"
}
@InProceedings{Anisimov,
author="Anisimov, A. V.",
editor="Be{\v{c}}v{\'a}{\v{r}}, J{\'i}{\v{r}}{\'i}",
title="Languages over free groups",
booktitle="Mathematical Foundations of Computer Science 1975 4th Symposium, Mari{\'a}nsk{\'e} L{\'a}zn{\v{e}}, September 1--5, 1975",
year="1975",
publisher="Springer Berlin Heidelberg",
address="Berlin, Heidelberg",
pages="167--171",
isbn="978-3-540-37585-2"
}
@article{Muller,
author = {Muller, David and Schupp, Paul},
year = {1981},
month = {07},
pages = {},
title = {Context-free languages, groups, the theory of ends, second-order logic, tiling problems, cellular automata, and vector addition systems},
volume = {4},
journal = {Bulletin of the American Mathematical Society},
doi = {10.1090/S0273-0979-1981-14904-1}
}
@article{SpaceFunc,
author = {Olshanskii, Alexander},
year = {2010},
month = {10},
pages = {},
title = {Space functions of groups},
volume = {364},
journal = {Transactions of the American Mathematical Society},
doi = {10.1090/S0002-9947-2012-05520-6}
}
@article{Sapir,
 ISSN = {0003486X},
 URL = {http://www.jstor.org/stable/3597195},
 author = {Mark V. Sapir and Jean-Camille Birget and Eliyahu Rips},
 journal = {Annals of Mathematics},
 number = {2},
 pages = {345--466},
 publisher = {Annals of Mathematics},
 title = {Isoperimetric and Isodiametric Functions of Groups},
 volume = {156},
 year = {2002}
}
