@online{podkopaevD,
  author    = "Подкопаев А.В.",
  title     = "Полиномиальной сложности оптимальные принтер-комбинаторы с выбором",
  publisher = "МатМех СПбГУ",
    series     = {Дипломная работа, кафедра Системного Программирования},
  year      = 2014,
  language  = "russian"
}
@online{podkopaevR,
  author    = "Подкопаев А.В.",
  title     = "Форматирование текста программ на основе комбинаторов, сопоставления с образцом и синтаксических шаблонов",
  publisher = "МатМех СПбГУ",
    series     = {Курсовая работа, кафедра Системного Программирования},
  year      = 2014,
  language  = "russian"
}
@online{printComb,
  author    = "Azero Alcocer P.R. and Swiesrstra S.D.",
  title     = " Optimal Pretty-Printing Combinators",
  year      = 1998,
  language  = "english",
  url       = {http://www.cs.ruu.nl/groups/ST/Software/PP},
  eprint    = {http://www.cs.ruu.nl/groups/ST/Software/PP}
}
@online{brahma,
  author    = "Grigoriev S.V.",
  title     = "Brahma.Fsharp ",
  language  = "english",
  url       = {https://sites.google.com/site/semathsrprojects/home/brahma-fsharp/},
  eprint    = {https://sites.google.com/site/semathsrprojects/home/brahma-fsharp/}
}