@article{okhotin,
  title={Parsing by matrix multiplication generalized to Boolean grammars},
  author={Okhotin, Alexander},
  journal={Theoretical Computer Science},
  volume={516},
  pages={101--120},
  year={2014},
  publisher={Elsevier}
}

@article{kasami,
  title={An efficient recognition and syntax-analysis algorithm for context-free languages},
  author={Kasami, Tadao},
  journal={Coordinated Science Laboratory Report no. R-257},
  year={1966},
  publisher={Coordinated Science Laboratory, University of Illinois at Urbana-Champaign}
}

@article{younger,
  title={Recognition and parsing of context-free languages in time n3},
  author={Younger, Daniel H},
  journal={Information and control},
  volume={10},
  number={2},
  pages={189--208},
  year={1967},
  publisher={Elsevier}
}

@article{earley,
  title={An efficient context-free parsing algorithm},
  author={Earley, Jay},
  journal={Communications of the ACM},
  volume={13},
  number={2},
  pages={94--102},
  year={1970},
  publisher={ACM}
}

@inproceedings{bernardy,
  title={Efficient divide-and-conquer parsing of practical context-free languages},
  author={Bernardy, Jean-Philippe and Claessen, Koen},
  booktitle={ACM SIGPLAN Notices},
  volume={48},
  number={9},
  pages={111--122},
  year={2013},
  organization={ACM}
}

@article{valiant,
  title={General context-free recognition in less than cubic time},
  author={Valiant, Leslie G},
  journal={Journal of computer and system sciences},
  volume={10},
  number={2},
  pages={308--315},
  year={1975},
  publisher={Academic Press}
}