@Article{Anderson2013,
author="Anderson, James WJ
and Nov{\'a}k, {\'A}d{\'a}m
and S{\"u}k{\"o}sd, Zsuzsanna
and Golden, Michael
and Arunapuram, Preeti
and Edvardsson, Ingolfur
and Hein, Jotun",
title="Quantifying variances in comparative RNA secondary structure prediction",
journal="BMC Bioinformatics",
year="2013",
volume="14",
number="1",
pages="149",
issn="1471-2105",
doi="10.1186/1471-2105-14-149"
}
@article{scott2016structuring,
  title={Structuring the {GLL} parsing algorithm for performance},
  author={Scott, Elizabeth and Johnstone, Adrian},
  journal={Science of Computer Programming},
  volume={125},
  pages={1--22},
  year={2016},
  publisher={Elsevier}
}
@techreport{hopcroft1971n,
    title={An n log n algorithm for minimizing states in a finite automaton},
    author={Hopcroft, John},
    year={1971},
    institution={DTIC Document}
}
@article{scott2010gll,
    title={{GLL} parsing},
    author={Scott, Elizabeth and Johnstone, Adrian},
    journal={Electronic Notes in Theoretical Computer Science},
    volume={253},
    number={7},
    pages={177--189},
    year={2010},
    publisher={Elsevier}
}
@article{Thompson:1968:PTR:363347.363387,
    author = {Thompson, Ken},
    title = {Programming Techniques: Regular Expression Search Algorithm},
    journal = {Commun. ACM},
    issue_date = {June 1968},
    volume = {11},
    number = {6},
    month = jun,
    year = {1968},
    issn = {0001-0782},
    pages = {419--422},
    numpages = {4},
    url = {http://doi.acm.org/10.1145/363347.363387},
    doi = {10.1145/363347.363387},
    acmid = {363387},
    publisher = {ACM},
    address = {New York, NY, USA},
    keywords = {match, regular expression, search},
} 
@book{aho1974design,
    title={The design and analysis of computer algorithms},
    author={Aho, Alfred V and Hopcroft, John E},
    year={1974},
    publisher={Pearson Education India}
}
@article{scott2013gll,
    title={{GLL} parse-tree generation},
    author={Scott, Elizabeth and Johnstone, Adrian},
    journal={Science of Computer Programming},
    volume={78},
    number={10},
    pages={1828--1844},
    year={2013},
    publisher={Elsevier}
}

@Article{xander,
author="Wang, Qiong
and Fish, Jordan A.
and Gilman, Mariah
and Sun, Yanni
and Brown, C. Titus
and Tiedje, James M.
and Cole, James R.",
title="Xander: employing a novel method for efficient gene-targeted metagenomic assembly",
journal="Microbiome",
year="2015",
volume="3",
number="1",
pages="32",
abstract="Metagenomics can provide important insight into microbial communities. However, assembling metagenomic datasets has proven to be computationally challenging. Current methods often assemble only fragmented partial genes.",
issn="2049-2618",
doi="10.1186/s40168-015-0093-6",
url="http://dx.doi.org/10.1186/s40168-015-0093-6"
}

@online{YCUrl,
    title        = "YaccConstructor [Электронный ресурс]",
    url          = {https://github.com/YaccConstructor/ },
    urldate = {11.05.2015},
      language = "russian",
}

@article{hmmer,
  title={nhmmer: DNA homology search with profile HMMs},
  author={Wheeler, Travis J and Eddy, Sean R},
  journal={Bioinformatics},
  pages={btt403},
  year={2013},
  publisher={Oxford Univ Press}
}

@article{reago,
  title={Reconstructing 16S rRNA genes in metagenomic data},
  author={Yuan, Cheng and Lei, Jikai and Cole, James and Sun, Yanni},
  journal={Bioinformatics},
  volume={31},
  number={12},
  pages={i35--i43},
  year={2015},
  publisher={Oxford Univ Press}
}


@inproceedings{ECFG,
  title={Towards a Taxonomy for {ECFG} and {RRPG} Parsing},
  author={Hemerik, Kees},
  booktitle={International Conference on Language and Automata Theory and Applications},
  pages={410--421},
  year={2009},
  organization={Springer}
}

@article{ELL,
  title={On the definition of {ELR} (k) and ELL (k) grammars},
  author={Heilbrunner, Stephan},
  journal={Acta Informatica},
  volume={11},
  number={2},
  pages={169--176},
  year={1979},
  publisher={Springer}
}

@article{ELLParser,
  title={An efficient {ELL} (1)-parser generator},
  author={Heckmann, Reinhold},
  journal={Acta Informatica},
  volume={23},
  number={2},
  pages={127--148},
  year={1986},
  publisher={Springer}
}

@inproceedings{AttributedELL,
  title={An attributed {ELL} (1)-parser generator},
  author={Alblas, Henk and Schaap-Kruseman, Joos},
  booktitle={International Workshop on Compiler Construction},
  pages={208--209},
  year={1990},
  organization={Springer}
}

@article{ECFGparsing,
  title={The parsing of extended context-free grammars},
  author={Bruggemann-Klein, Anne and Wood, Derick},
  year={2002}
}

@article{ELRParsing,
  title={Parsing extended {LR} (k) grammars},
  author={Purdom Jr, Paul Walton and Brown, Cynthia A},
  journal={Acta Informatica},
  volume={15},
  number={2},
  pages={115--127},
  year={1981},
  publisher={Springer}
}

@article{ELALR,
  title={Yet another generation of {LALR} parsers for regular right part grammars},
  author={Morimoto, Shin-ichi and Sassa, Masataka},
  journal={Acta informatica},
  volume={37},
  number={9},
  pages={671--697},
  year={2001},
  publisher={Springer}
}

@inproceedings{ELRR,
  title={Shift-reduce parsers for transition networks},
  author={Breveglieri, Luca and Reghizzi, Stefano Crespi and Morzenti, Angelo},
  booktitle={International Conference on Language and Automata Theory and Applications},
  pages={222--235},
  year={2014},
  organization={Springer}
}

@phdthesis{SPPF,
	title={Parser generation for interactive environments},
	author={Rekers, Joan Gerard},
	year={1992},
	school={Universiteit van Amsterdam}
}

@inproceedings{afroozeh2015faster,
    title={Faster, Practical {GLL} Parsing},
    author={Afroozeh, Ali and Izmaylova, Anastasia},
    booktitle={International Conference on Compiler Construction},
    pages={89--108},
    year={2015},
    organization={Springer}
}
@url{YaccConstructor,
    title = {YaccConstructor Project repository},
    howpublished = {\url{https://github.com/YaccConstructor/YaccConstructor}}
}
@url{ANTLR,
	title = {ANTLR Project website},
	howpublished = {\url{http://www.antlr.org/}}
}
@url{Bison,
	title = {Bison Project website},
	howpublished = {\url{https://www.gnu.org/software/bison/}}
}
@Inbook{Breveglieri2014,
	author="Breveglieri, Luca
	and Crespi Reghizzi, Stefano
	and Morzenti, Angelo",
	editor="Dediu, Adrian-Horia
	and Mart{\'i}n-Vide, Carlos
	and Sierra-Rodr{\'i}guez, Jos{\'e}-Luis
	and Truthe, Bianca",
	title="Shift-Reduce Parsers for Transition Networks",
	bookTitle="Language and Automata Theory and Applications: 8th International Conference, LATA 2014, Madrid, Spain, March 10-14, 2014. Proceedings",
	year="2014",
	publisher="Springer International Publishing",
	address="Cham",
	pages="222--235",
	isbn="978-3-319-04921-2",
	doi="10.1007/978-3-319-04921-2_18",
	url="http://dx.doi.org/10.1007/978-3-319-04921-2_18"
}
@article{lee1997characterization,
	title={Characterization of extended LR (k) grammars},
	author={Lee, Gyung-Ok and Kim, Do-Hyung},
	journal={Information processing letters},
	volume={64},
	number={2},
	pages={75--82},
	year={1997},
	publisher={Elsevier}
}

@mastersthesis{ragozina,
    author = {Anastasiya Ragozina},
    title  = {{GLL}-based relaxed parsing of dynamically generated code},
    school = {SpBU},
    type   = {Master’s Thesis},
    year   = {2016}
}

@article{TATA,
  title={Tree automata techniques and applications},
  author={Comon, Hubert and Dauchet, Max and Gilleron, R{\'e}mi and L{\"o}ding, Christof and Jacquemard, Florent and Lugiez, Denis and Tison, Sophie and Tommasi, Marc},
  year={2007}
}

@article{EBNFISO,
  title={Extended Backus-Naur Form ({EBNF})},
  author={Wirth, Niklaus},
  journal={ISO/IEC},
  volume={14977},
  pages={2996},
  year={1996}
}
@article{tellier2006learning,
    title={Learning recursive automata from positive examples},
    author={Tellier, Isabelle},
    journal={Revue des Sciences et Technologies de l'Information-S{\'e}rie RIA: Revue d'Intelligence Artificielle},
    volume={20},
    number={6},
    pages={775--804},
    year={2006}
}

@phdthesis{SPPF,
    author = {Rekers, J. G.},
    title = {Parser Generation for Interactive Environments},
    year = {1992},
    school={Universiteit van Amsterdam}
}

@inproceedings{PredictiveECFG,
  title={On predictive parsing and extended context-free grammars},
  author={Br{\"u}ggemann-Klein, Anne and Wood, Derick},
  booktitle={International Conference on Implementation and Application of Automata},
  pages={239--247},
  year={2002},
  organization={Springer}
}

@inproceedings{TreeLangAndECFG,
  title={Balanced Context-Free Grammars, Hedge Grammars and Pushdown Caterpillar Automata.},
  author={Br{\"u}ggemann-Klein, Anne and Wood, Derick},
  booktitle={Extreme Markup Languages{\textregistered}},
  year={2004}
}

@inproceedings{ComplexityOfELR,
  title={Complexity of Extended vs. Classic {LR} Parsers},
  author={Borsotti, Angelo and Breveglieri, Luca and Reghizzi, Stefano Crespi and Morzenti, Angelo},
  booktitle={International Workshop on Descriptional Complexity of Formal Systems},
  pages={77--89},
  year={2014},
  organization={Springer}
}

@article{brnglr,
  title={{BRNGLR}: a cubic Tomita-style {GLR} parsing algorithm},
  author={Scott, Elizabeth and Johnstone, Adrian and Economopoulos, Rob},
  journal={Acta informatica},
  volume={44},
  number={6},
  pages={427--461},
  year={2007},
  publisher={Springer}
}
@article{Infernal,
  title={Infernal 1.1: 100-fold faster RNA homology searches},
  author={Nawrocki, Eric P and Eddy, Sean R},
  journal={Bioinformatics},
  volume={29},
  number={22},
  pages={2933--2935},
  year={2013},
  publisher={Oxford Univ Press}
}