@article{grigorevcomposition,
  title={The Composition of Dense Neural Networks and Formal Grammars for Secondary Structure Analysis},
  author={Grigorev, Semyon and Lunina, Polina}
}

@book{EddyDurbin,
  title={Biological sequence analysis: probabilistic models of proteins and nucleic acids},
  author={Durbin, Richard and Eddy, Sean R and Krogh, Anders and Mitchison, Graeme},
  year={1998},
  publisher={Cambridge university press}
}

@article{Infernal,
   Author="Nawrocki, E. P.  and Eddy, S. R. ",
   Title="{{I}nfernal 1.1: 100-fold faster {R}{N}{A} homology searches}",
   Journal="Bioinformatics",
   Year="2013",
   Volume="29",
   Number="22",
   Pages="2933--2935",
   Month="Nov"
}

@article{Humidor,
  title={Humidor: Microbial Community Classification of the 16S Gene by Training CIGAR Strings with Convolutional Neural Networks},
  author={Sherman, Douglas},
  year={2017}
}

@inproceedings{ANN,
  title={Bacteria classification based on 16S ribosomal gene using artificial neural networks},
  author={Higashi, Susan and Hungria, Mariangela and Brunetto, MADC},
  booktitle={Proceedings of the 8th WSEAS International Conference on Computational intelligence, man-machine systems and cybernetics},
  pages={86--91},
  year={2009}
}

@inproceedings{Azimov:2018:CPQ:3210259.3210264,
 author = {Azimov, Rustam and Grigorev, Semyon},
 title = {Context-free Path Querying by Matrix Multiplication},
 booktitle = {Proceedings of the 1st ACM SIGMOD Joint International Workshop on Graph Data Management Experiences \& Systems (GRADES) and Network Data Analytics (NDA)},
 series = {GRADES-NDA '18},
 year = {2018},
 isbn = {978-1-4503-5695-4},
 location = {Houston, Texas},
 pages = {5:1--5:10},
 articleno = {5},
 numpages = {10},
 url = {http://doi.acm.org/10.1145/3210259.3210264},
 doi = {10.1145/3210259.3210264},
 acmid = {3210264},
 publisher = {ACM},
 address = {New York, NY, USA},
 keywords = {GPGPU, context-free grammar, context-free path querying, graph databases, matrix multiplication, transitive closure},
}

@online{trnadb1,
  title="Genomic tRNA Database [Электронный ресурс]",
  url={http://gtrnadb2009.ucsc.edu/},
  urldate="05.05.2019"
}
@online{trnadb2,
  title="tRNADB-CE [Электронный ресурс]",
  url={http://trna.ie.niigata-u.ac.jp/cgi-bin/trnadb/index.cgi},
  urldate="05.05.2019"
}