@book{Jones:1993:PEA:153676,
 author = {Jones, Neil D. and Gomard, Carsten K. and Sestoft, Peter},
 title = {Partial Evaluation and Automatic Program Generation},
 year = {1993},
 isbn = {0-13-020249-5},
 publisher = {Prentice-Hall, Inc.},
 address = {Upper Saddle River, NJ, USA},
}

@article{LeiBa,
 author = {Leissa, Roland and Boesche, Klaas and Hack, Sebastian and P{\'e}rard-Gayot, Ars\`{e}ne and Membarth, Richard and Slusallek, Philipp and M\"{u}ller, Andr{\'e} and Schmidt, Bertil},
 title = {AnyDSL: A Partial Evaluation Framework for Programming High-performance Libraries},
 journal = {Proc. ACM Program. Lang.},
 issue_date = {November 2018},
 volume = {2},
 number = {OOPSLA},
 month = oct,
 year = {2018},
 issn = {2475-1421},
 pages = {119:1--119:30},
 articleno = {119},
 numpages = {30},
 url = {http://doi.acm.org/10.1145/3276489},
 doi = {10.1145/3276489},
 acmid = {3276489},
 publisher = {ACM},
 address = {New York, NY, USA},
}

@misc{Headers,
  title = {GCK'S FILE SIGNATURES TABLE},
  howpublished = {\url{https://www.garykessler.net/library/file_sigs.html}},
  note = {Accessed: 2019-10-31}
}

%https://link.springer.com/chapter/10.1007/978-3-642-19513-6_12
@article{DataCarving,
	author={Povar D., Bhadran V.K.},
	title = {Forensic Data Carving},
	year= {2010},
	journal = {Digital Forensics and Cyber Crime},
	doi = {https://doi.org/10.1007/978-3-642-19513-6_12},
} 