
@MISC{brahma,
  title        = "Проект Brahma.FSharp [Электронный ресурс]",
  url          = {https://github.com/YaccConstructor/Brahma.FSharp},
  urldate      = "17.10.2017"
}
@MISC{opencl,
  title        = "Спецификация OpenCL 1.2 [Электронный ресурс]",
  url          = {https://www.khronos.org/registry/OpenCL/specs/opencl-1.2.pdf},
  urldate      = "17.10.2017"
}
@MISC{fsffap,
  title        = "Серия статей 'Computation Expressions' [Электронный ресурс]",
  url          = {https://fsharpforfunandprofit.com/series/computation-expressions.html},
  urldate      = "17.10.2017"
}
@MISC{habrahabr,
  title        = "Статья 'Тройка полезных монад' [Электронный ресурс]",
  url          = {https://habrahabr.ru/post/184722/},
  urldate      = "17.10.2017"
}